2975 4992
424 424 688 497 amsrons
711 422 833 493 ω.
1096 448 1163 519 279

113 556 180 653 quid
192 573 262 643 est,
278 553 369 649 quod
381 556 514 627 beatam
527 558 630 627 vitam
649 570 760 650 potest
773 556 905 639 facere,
921 553 958 623 id
972 554 1100 623 bonum
1113 569 1165 623 est

112 700 158 747 suo
170 677 247 771 jure
260 702 270 759 3
290 670 470 767 depravari
486 676 577 743 enim
591 675 627 742 in
640 673 764 749 malum
782 695 850 741 nou
866 687 989 767 potest.
1003 670 1101 764 Quid
1114 688 1164 741 est
1186 674 1206 729 6

111 812 178 882 ergo
193 790 228 855 in
246 811 316 881 quo
330 804 478 871 erratur,
494 811 599 881 quum
617 809 733 856 omues
750 786 882 855 beatam
899 787 1003 856 vitam
1021 786 1166 880 optent?

111 903 186 1003 qnod
209 906 437 973 iustrumenta
456 903 529 997 ejus
545 929 608 1004 pro
630 906 703 998 ipsa
721 903 872 987 habent,
888 918 929 977 et
949 902 1058 985 illam,
1082 900 1165 971 dum

110 1035 232 1115 petunt,
251 1020 403 1113 lugiunt.
417 1022 524 1106 Nam,
542 1045 645 1112 quum
660 1044 789 1090 summa
804 1019 1046 1089 beataevitaeait
1058 1018 1166 1087 solida

109 1138 273 1203 securitas¹
290 1151 327 1205 et
339 1136 413 1229 ejus
429 1135 628 1205 inconcussa
644 1134 793 1219 fiducia,
814 1131 1053 1203 sollicitudinis
1069 1132 1167 1202 colli·

109 1267 180 1344 gunt
196 1274 336 1334 musas,
357 1265 391 1319 ct
404 1274 466 1345 per
479 1249 678 1321 insidiosum
696 1252 764 1321 iter
781 1252 858 1321 vitae
874 1275 945 1319 non
965 1266 1096 1322 tantum
1112 1250 1164 1317 ie-

109 1382 176 1435 runt
191 1368 361 1451 sarcinas,
382 1366 444 1435 sed
465 1367 617 1437 trahunt.
638 1371 689 1438 Ita
706 1369 843 1463 longius
865 1368 909 1438 ab
927 1369 1072 1438 effectu²
1091 1368 1166 1461 ejus

109 1484 185 1577 quod
198 1500 341 1577 petunt,
360 1506 494 1577 semper
506 1482 713 1568 abscedunt,
731 1501 785 1571 et,
802 1510 871 1578 quo
884 1486 962 1578 plus
976 1508 1089 1579 opcroe
1102 1485 1168 1553 im-

108 1602 286 1694 penderunt
297 1596 326 1683 ³,
343 1601 411 1669 hoc
427 1624 462 1670 se
478 1601 585 1695 magis
604 1599 818 1695 impediunt,
832 1617 867 1670 et
884 1602 1041 1670 feruntur
1055 1615 1162 1669 retro.

108 1718 201 1808 Quod*
215 1719 334 1787 evcnit
352 1718 389 1785 in
406 1717 603 1812 labyrintho
623 1716 910 1813 properantibus,
928 1719 1001 1811 ipsa
1014 1717 1092 1785 illos
1104 1739 1165 1784 vc·

107 1834 206 1904 locitas
219 1835 389 1930 impficat.
409 1834 505 1904 Vale.

107 2030 191 2085 Bolas
197 2044 285 2085 noster
293 2029 359 2085 dicit
366 2030 394 2085 in
404 2029 536 2102 equiturn
545 2048 605 2085 eon·
653 2030 728 2085 codd.
739 2032 774 2083 At
782 2031 915 2084 Eresman
926 2031 1118 2100 tranquillitas.
1128 2026 1164 2080 lt.

106 2108 252 2161 siderandum
260 2129 333 2174 esse,
344 2129 359 2161 s
369 2128 420 2179 qua
435 2106 511 2181 stirpe
521 2108 606 2162 orien-
688 2128 711 2161 2.
728 2108 841 2181 Esj'eetu.
850 2106 1087 2177 Vitiosumoffectu,
1095 2104 1165 2176 quod

106 2200 145 2253 tur,
153 2187 195 2241 sed
205 2186 342 2259 quomodo
352 2198 471 2240 eumntt
654 2198 749 2239 temere
762 2186 790 2239 in
802 2184 843 2239 ed.
854 2186 957 2260 Bipont.
971 2185 1082 2259 primurn
1098 2184 1166 2237 irre-

106 2273 533 2329 mhpoeskisfflttsmtdslsyud.
656 2278 755 2335 psol-at,
785 2265 935 2339 propagavit
964 2262 1050 2317 Ruhk.
1071 2263 1165 2316 Veram

106 2337 192 2438 Ἥ
200 2339 251 2380 ¹⁴⁵⁸
259 2338 337 2391 qn'm
345 2352 405 2388 Μ
412 2347 443 2379 “⁸
450 2338 528 2379 '‘¹⁴¹'‘
535 2351 560 2377 ¹¹¹
570 2337 607 2377 ¹¹¹·
654 2345 736 2419 script.
749 2344 857 2397 restituit
866 2342 957 2396 March.
968 2340 1050 2395 Schts.

688 2424 711 2477 3.
730 2424 921 2493 Impendmnt
931 2420 1027 2477 adscivi
1039 2440 1068 2473 es
1078 2419 1119 2478 ed
1130 2419 1166 2471 lt.

105 2428 218 2513 &nevies
224 2462 260 2501 du
267 2474 333 2515 sym
342 2460 392 2500 dont
400 2458 439 2499 elle
446 2468 476 2499 est
483 2460 604 2505 emesam,

104 2518 221 2573 sanfam
229 2522 249 2561 ιι
259 2523 335 2571 mit«,
344 2536 371 2560 o·
380 2522 457 2561 rimu
465 2520 556 2561 chame.
655 2514 680 2555 st
692 2522 721 2555 ex
733 2500 856 2574 Opsopoei
873 2499 948 2553 codd.
959 2500 1045 2571 Vulgo
1060 2504 1166 2565 impen-

130 2603 147 2638 1.
162 2586 301 2639 &misac
323 2584 367 2638 stc
389 2582 503 2655 quinque
532 2582 606 2637 Grut.
655 2584 728 2635 dunt.
738 2580 820 2637 Sedu.

101 2742 1161 2785 ww

385 2912 703 2999 EPISTOLA
729 2912 808 3001 XL

562 3123 696 3149 —s-p—

270 3298 317 3336 M
334 3296 424 3335 ΗΜ
443 3296 729 3337 ΜΑΗΕΤΙΟΟΜΙΜ
747 3296 979 3337 s-un'rttt'ts'rtt·

122 3426 196 3479 libris
203 3444 260 3479 non
271 3424 363 3477 multis
370 3424 416 3476 sed
424 3422 498 3477 bonis
505 3423 585 3495 iisque
594 3424 684 3477 ordine
692 3436 809 3497 reeteque
819 3423 889 3477 lectis
899 3442 961 3497 opas
970 3441 1022 3476 esse
1029 3424 1061 3481 sd
1068 3424 1163 3499 sapien-

97 3511 164 3579 tisrn,
177 3512 280 3567 lucilio
299 3510 417 3583 inopiam
434 3509 557 3566 librorum
569 3522 706 3581 conquesto
716 3510 853 3584 respondet
863 3510 968 3564 Seneca.
981 3510 1119 3564 Missurum
1131 3526 1165 3565 ts»

95 3618 143 3650 nen
154 3598 280 3672 promittit
291 3614 353 3649 suos
365 3595 459 3661 libros,
470 3614 533 3668 qnos
543 3607 628 3649 autern
639 3594 738 3669 proprio
751 3593 846 3666 jndicio
858 3594 926 3667 legat
937 3595 1067 3663 hortatur,
1083 3618 1116 3649 ne
1135 3598 1163 3650 in

94 3684 168 3737 vitiam
179 3702 341 3755 magnorum
352 3682 467 3734 virorum
481 3681 590 3748 incidat,
602 3680 684 3749 quiin
695 3680 821 3754 superdas
835 3680 952 3751 quedem
969 3693 1013 3734 aut
1023 3694 1125 3755 uguts,
1139 3696 1164 3736 et

94 3768 157 3821 verbs
166 3769 248 3840 magis
262 3786 345 3840 quarn
357 3784 397 3818 res
404 3764 561 3836 inquirentes
572 3763 665 3836 totique
677 3762 704 3817 in
715 3764 783 3832 illis,
793 3778 817 3817 et
827 3766 973 3834 veritatem,
988 3779 1012 3818 et
1025 3768 1163 3821 nstantia

94 3855 305 3923 pretermiserunt.
317 3854 379 3922 Qus
387 3850 520 3905 occasione
529 3850 586 3901 dats
596 3849 622 3903 in
635 3848 739 3903 cavillos
751 3862 775 3903 et
785 3870 877 3904 vocans
886 3852 1013 3925 captiones
1024 3851 1161 3915 invehitur,

95 3948 168 4009 terque
179 3952 270 3993 monet
284 3936 463 4009 disquirantur
479 3954 616 4005 earumque
627 3932 791 4000 discrimina,
805 3956 827 3988 e·
840 3954 862 3988 c.
877 3937 934 4005 quis
948 3935 1034 3987 beatus
1047 3946 1072 3987 et
1092 3934 1163 4004 quod

94 4022 249 4074 terebratum
262 4018 421 4091 sufferant.
434 4034 456 4072 ιι
466 4054 473 4083 ,
482 4034 520 4071 vt.
531 4019 608 4072 llecte
618 4030 701 4071 autern
713 4018 885 4084 Dialecticos,
902 4017 1018 4091 inprimis
1031 4018 1162 4070 Academi«

93 4124 126 4156 sss
135 4120 157 4157 et
167 4104 267 4161 Stoicos
281 4104 313 4156 in
326 4102 374 4155 hac
387 4102 491 4177 epistola
502 4102 652 4177 reprehendi
665 4102 771 4157 historia
786 4101 952 4178 philosophiae
965 4103 1045 4155 dorst.
1058 4100 1094 4155 Cf
1105 4102 1162 4156 tte-

95 4204 141 4259 ως.
155 4187 187 4241 ad
199 4188 284 4261 Πίος.
296 4184 384 4238 hert.
395 4184 438 4251 ll,
454 4186 508 4241 208.
