2975 4992
364 485 631 556 EPISTOLA
649 484 885 556 LXXVIII.
1091 490 1158 576 ⁵²9

103 653 105 662 ν
139 615 207 692 Sed
216 619 330 684 omnia
340 619 404 684 ista
417 614 514 684 facile
527 614 752 706 perferemus‚·
765 613 981 682 sorbitionem
992 619 1017 695 ¹,
1036 638 1158 705 uquam

95 706 259 816 calidaml
281 748 315 798 et
332 726 500 822 quidquid
517 725 611 796 aliud
627 727 838 796 intolerabile
853 727 988 796 videtur
1004 725 1158 796 delicatis

94 864 129 914 et
141 848 224 916 luxu
242 845 445 928 fluentibus,
463 844 638 938 magisque
656 847 769 911 animo
783 868 882 936 quam
902 868 1044 937 corpore
1062 868 1159 913 mor-

94 959 185 1030 bidis
203 986 212 1027 2
229 977 358 1029 tantum
372 974 512 1028 mortem
525 956 715 1030 desinamus
728 959 1084 1028 horrere.Dosinemus
1095 983 1159 1027 au·
1183 968 1216 1033 24
1296 968 1301 976 “

96 1091 187 1158 tem,
210 1076 240 1142 si
258 1075 345 1142 fines
366 1075 533 1142 bonorum
553 1096 593 1140 ao
618 1072 780 1141 malorum
802 1075 1082 1167 cognoverimus3
1112 1076 1159 1141 ita

94 1191 230 1258 demum
248 1213 312 1259 nec
324 1191 392 1258 vita
403 1186 504 1256 taedio
517 1189 603 1270 erit,
620 1212 684 1256 neo
701 1211 792 1257 mors
804 1189 928 1257 timori.
945 1191 1053 1256 Vitam
1067 1193 1159 1259 enim

94 1329 261 1401 oocupare
284 1305 418 1373 satietas
442 1303 514 1370 sui²
538 1326 607 1370 non
633 1305 765 1395 potest,
796 1319 845 1372 tot
861 1325 917 1371 res
934 1304 1063 1387 varias,
1086 1328 1158 1372 ma-

96 1445 200 1513 gnas,
222 1419 352 1491 divinas
371 1434 625 1512 percensentem
652 1421 716 1486 :in
733 1418 847 1488 odium
862 1420 954 1488 illam
976 1421 1025 1487 sui
1049 1419 1159 1488 addu-

95 1559 175 1604 cere
192 1536 278 1603 solet
293 1537 384 1604 iners
398 1537 516 1603 otium.
538 1535 663 1601 Rerum
682 1550 835 1602 naturam
857 1537 1052 1628 peragranti
1069 1561 1160 1602 nnn·

95 1673 198 1742 quam
210 1651 247 1718 in
259 1650 429 1718 fastidium
440 1649 565 1716 veritas
576 1647 689 1717 veniet
700 1677 710 1734 ς
722 1649 803 1717 falsa
818 1651 998 1719 satiabant.
1010 1653 1158 1730 Rursus,

96 1765 125 1831 si
141 1787 233 1832 mors
244 1762 376 1832 aceedit
388 1779 423 1832 et
435 1777 553 1845 vocat,
569 1762 648 1830 lieet
661 1763 839 1830 immatura
853 1764 909 1843 sit,
924 1763 1004 1832 licet
1016 1764 1161 1833 mediam

95 1879 259 1973 praecidat
281 1894 435 1964 aetstem,
454 1893 634 1972 perceptus
650 1876 845 1970 longissime
858 1878 986 1947 fructus
1001 1896 1051 1949 est
1074 1907 1081 1946 :
1102 1903 1163 1948 oo-

97 1993 192 2089 gnita
202 2009 256 2084 est
272 1989 322 2062 illi
336 2018 376 2061 ex
386 2017 507 2087 magna
518 2007 614 2085 parte
627 1981 748 2060 natura
761 2020 770 2079 3
786 1993 850 2061 scit
861 2009 1011 2086 tempore
1022 1995 1161 2065 honesta

103 2137 174 2181 non
189 2134 356 2182 creseere.
377 2112 438 2178 His
457 2132 592 2178 necesse
609 2125 659 2186 est
674 2108 785 2177 videri
803 2134 935 2179 omnem
956 2112 1057 2180 vitam
1077 2113 1163 2182 bre-

98 2253 195 2309 vem,
226 2229 286 2321 qui
309 2226 401 2295 illam
428 2225 656 2320 voluptatibus
684 2227 801 2309 vanis,
830 2243 866 2293 ot
890 2225 970 2323 ¹ideo
991 2229 1160 2314 infinitis,

98 2344 297 2412 metiuntur.

147 2459 210 2526 His
220 2474 252 2526 te
266 2457 526 2550 cogitationibus
537 2481 672 2539 recrea,
686 2473 722 2526 et
732 2458 866 2525 interim
878 2459 1028 2550 epistolis
1038 2437 1163 2529 nostris
1187 2472 1218 2523 ιε

102 2572 265 2642 meando.
283 2573 407 2640 Veniet
424 2571 563 2663 aliquod
580 2587 733 2664 tempus,
756 2571 847 2663 quod
863 2597 923 2640 nos
941 2574 1062 2640 iterum
1073 2575 1162 2666 jun-

101 2707 157 2784 gat
170 2715 211 2760 ar:
226 2689 365 2758 misceat
381 2714 389 2756 ι
405 2681 707 2780 quantulumlibet³
721 2689 765 2756 sit
777 2686 882 2766 illud,
905 2687 1043 2782 longum
1061 2690 1162 2758 faciet

99 2807 242 2875 scientia
261 2803 392 2876 utendi.
417 2806 500 2871 Nam
520 2833 535 2885 ,’
551 2819 589 2870 ut
606 2798 830 2872 Posidonius⁴
848 2805 911 2887 ait,
937 2832 953 2869 ε(
975 2830 1062 2875 unus
1088 2807 1161 2876 dies

99 2921 274 2991 hominum
297 2912 528 2988 eruditorum⁵
548 2918 624 3013 plus
642 2934 758 3012 patet,
781 2945 879 3012 quam
896 2923 1061 3016 imperitis
1081 2924 1163 2992 lon·
1273 2940 1278 2950 “

133 3142 466 3207 1.Sorbtrtonem.aquam
482 3139 606 3191 calidam.
656 3135 736 3190 Graer.
750 3137 806 3190 Vol.
820 3138 866 3190 lll.
884 3159 941 3211 pag.
959 3143 1007 3210 ⁵7²
1021 3161 1058 3212 sq.
1071 3143 1162 3196 Rutu.

100 3218 219 3272 Potiones
227 3217 328 3290 aegrotis
338 3216 392 3268 dari
400 3215 484 3269 solitas
495 3214 608 3284 tquomi-
690 3215 895 3268 5.Emditorum.
902 3217 1162 3289 l.sapiontum,stoieo

100 3315 147 3348 nus
154 3297 186 3348 de
196 3293 268 3348 ealda
278 3293 387 3366 cogites,
399 3291 503 3364 impedit
512 3289 608 3342 mentio
656 3315 780 3350 sermone.
799 3295 885 3350 Simila
900 3312 937 3350 ρει
950 3298 1014 3350 illud
1032 3301 1167 3373 egregium

100 3373 266 3428 delicatorum
277 3383 300 3424 et
309 3370 368 3424 lnan
378 3369 526 3435 fluendum,
539 3389 609 3439 quo·
657 3376 754 3428 dictum
766 3374 882 3430 ciceron,
893 3377 966 3428 Tuae,
982 3376 1069 3450 Diem„
1081 3381 1115 3443 v,
1130 3398 1161 3434 a:

101 3471 157 3506 rurn
167 3452 225 3505 boec
237 3445 341 3521 propria
353 3463 410 3502 erat.
420 3450 510 3504 matt.
658 3452 702 3504 Est
712 3465 794 3504 autern
804 3472 868 3504 unus
876 3451 944 3514 dies,
956 3454 1018 3508 bene
1028 3468 1052 3508 et
1062 3477 1090 3509 ea
1097 3477 1162 3532 pras-

132 3553 155 3582 n.
174 3531 295 3590 Satietas
311 3532 361 3582 sui.
379 3529 465 3581 uult.
484 3530 611 3604 interpret.
634 3539 636 3544 ’
659 3529 734 3602 ceptis
746 3529 794 3581 tuis
803 3528 990 3602 (Philosophia)
1001 3544 1084 3597 aetus,
1099 3555 1162 3606 pec-

100 3599 230 3661 obsrurius
241 3625 249 3659 :
260 3607 373 3660 studium
389 3620 467 3660 semet
477 3608 557 3682 ipsum
569 3627 610 3660 eo·
659 3607 725 3658 canti
735 3606 914 3659 immortalitati
922 3611 1118 3681 anteponendus.
1125 3611 1161 3664 lt.

98 3687 240 3760 gnoseendi
259 3685 389 3759 repletum.
409 3686 503 3740 Sensus
515 3699 611 3742 ,umen
657 3711 690 3724 ·-
699 3684 797 3737 Similia
809 3683 838 3736 in
849 3683 958 3738 Philone
967 3686 1068 3750 ludeo,
1082 3689 1162 3742 libro:

100 3786 142 3836 per
152 3786 180 3818 se
188 3764 374 3838 patetzsatiotas
385 3763 433 3828 sui,
442 3763 458 3815 i.
466 3785 487 3816 e.
495 3763 609 3826 tedium,
659 3762 723 3830 Quis
733 3761 843 3815 divinar.
854 3783 920 3833 oper.
931 3762 1002 3836 lieres
1014 3765 1162 3838 :pollicetur

100 3863 153 3896 non
173 3842 308 3914 occupabit
324 3841 392 3893 illins
407 3841 483 3894 vitam
496 3841 540 3912 qni
558 3853 610 3893 tana
657 3851 740 3892 autem
758 3840 836 3892 talem
853 3840 938 3911 agenti
953 3861 1052 3914 parem,
1067 3844 1161 3897 bonam

99 3921 187 3974 multia
200 3921 275 3972 rebus
286 3919 403 3972 studebit.
657 3929 825 3980 senectutem
838 3917 866 3970 id
878 3931 928 3984 est,
943 3938 996 3970 uon
1009 3920 1162 3993 longevita-

130 4000 155 4052 3.
179 3997 416 4071 quantulumlibet
431 3996 479 4050 Ed.
498 3997 534 4048 A.
550 4015 608 4048 rum
656 4007 721 4060 tem,
735 3993 779 4046 sed
793 3994 870 4046 vitam
881 4015 938 4048 enm
953 3998 1082 4067 pmdentia
1094 4021 1163 4052 con-

100 4077 229 4152 pletisque
239 4075 329 4131 mestis.
342 4073 428 4146 Vulgo
441 4083 567 4142 quantum
576 4076 609 4126 li·
657 4075 776 4145 junctam.
789 4075 854 4127 Nam
863 4074 905 4127 rel
915 4076 963 4129 diei
977 4077 1081 4131 felicitas
1090 4079 1163 4136 mul-

97 4153 244 4221 her3neeid
254 4151 429 4216 male‚eadem
440 4151 568 4210 sententia.
581 4150 610 4204 S.
658 4153 766 4207 titudine
788 4175 911 4208 annorum
934 4156 1042 4217 melior.
1067 4173 1163 4230 quanto

132 4230 416 4298 4.Posidonius.lion[
425 4229 535 4284 Fabricii
544 4229 611 4282 Bibl.
658 4229 740 4284 breuis
762 4232 846 4302 aliqua
867 4233 910 4285 lux
928 4233 1037 4288 tenebris
1056 4239 1163 4292 aeternis.

225 4327 288 4394 m.
980 4329 1025 4415 34
