2975 4992
333 488 603 560 EPISTOLA
624 490 883 563 Lxxxvn.
1080 497 1144 566 621

86 624 144 705 tia,
161 644 263 713 quam
280 622 412 717 species
427 621 674 714 magnitudinis
687 622 942 694 falsat-1010
955 622 1077 709 modo,
1092 628 1150 695 in-

86 746 152 838 quit
162 732 193 831 ¹,
211 745 315 813 etiam
335 744 460 813 malum
484 760 564 813 sunt
590 744 741 829 divitiae,
770 767 840 815 non
862 760 995 815 tantum
1021 746 1148 817 bonum

85 882 148 927 non
164 872 257 927 sunt.
273 896 313 913 -
328 862 450 927 Essent
466 859 614 947 malum,
637 860 666 929 si
684 882 749 955 per
766 882 802 928 se
816 854 1016 947 nocerent³3
1035 862 1086 946 si,
1112 879 1151 932 ut
1175 890 1207 944 ις

86 976 169 1060 dixi,
190 974 358 1044 haberent
375 976 580 1045 efficientem
599 1000 734 1045 causam
758 1004 767 1045 ε
791 977 1150 1071 nuncpraeoedentem

85 1092 225 1175 habent,
255 1108 291 1161 et
309 1092 448 1187 quidem
466 1117 535 1163 non
556 1094 749 1163 irritantem
767 1107 897 1163 tantum
914 1094 1066 1181 animos,
1089 1096 1150 1165 sed

84 1208 316 1277 attrahentem.
336 1210 491 1303 Speciem
508 1210 600 1279 enim
614 1209 697 1277 boni
711 1208 895 1277 ostendunt
907 1208 1146 1294 verisimilem,

85 1350 119 1393 ac
144 1326 319 1419 plerisque
346 1326 560 1396 credibilem.
588 1326 700 1397 Habet
716 1328 834 1396 Virtus
854 1350 992 1420 quoque
1016 1350 1148 1422 praece·
1174 1356 1206 1407 30

85 1440 212 1511 dentem
222 1466 358 1535 causam
368 1442 609 1529 sd'invidism3
625 1442 741 1511 multis
754 1442 847 1511 enim
859 1458 1002 1537 propter
1012 1445 1152 1537 sapien-

85 1560 179 1643 tiam,
205 1558 323 1629 multis
345 1574 487 1654 propter
500 1560 669 1653 justitiam
685 1560 883 1631 invidetur:
899 1560 960 1629 sed
977 1584 1042 1631 nec
1056 1585 1097 1630 ex
1113 1585 1149 1630 se

86 1676 169 1743 hano
183 1698 318 1743 causam
335 1674 458 1757 habet,
477 1698 540 1743 nec
554 1676 787 1745 verisimilem.
804 1678 931 1745 Contra
949 1678 1040 1745 enim
1055 1678 1149 1746 veri·-

84 1792 219 1859 similior
233 1791 293 1859 illa
307 1792 437 1885 species
450 1791 625 1859 hominum
640 1793 763 1861 animis
781 1793 944 1885 objicitur
960 1795 1145 1875 atinate,

85 1932 153 2001 quae
171 1908 250 1978 illos
269 1910 306 1977 in
323 1931 472 1977 amorem
490 1923 525 1977 et
542 1906 800 1979 admirationem
817 1926 928 1979 vocet.
947 1908 1148 1979 Posidonius
1222 1942 1227 1967 ν

85 2026 128 2093 sic
136 2023 416 2117 interrogandum
424 2024 494 2091 sit:
510 2023 624 2116 «Quae
635 2048 748 2116 neque
758 2023 1147 2118 magnitudinemanimo
1173 2026 1201 2080 3¹

84 2138 178 2222 dant,
205 2164 272 2229 nec
297 2140 476 2223 fiduciam,
505 2163 570 2209 nec
590 2141 827 2236 securitatem,
847 2165 917 2209 non
934 2156 1014 2209 sunt
1032 2141 1145 2210 bona:

84 2256 202 2326 divitiae
215 2272 347 2339 autem,
364 2271 398 2324 et
411 2255 502 2325 bona
514 2254 693 2342 valetudo,
710 2270 744 2324 et
757 2255 881 2324 similia
896 2255 971 2339 his,
985 2254 1073 2324 nihil
1086 2257 1149 2325 ho-

84 2396 153 2441 rum
171 2374 302 2443 iaciunt
315 2396 328 2440 ·:
345 2397 428 2467 ergo
447 2396 518 2442 non
536 2373 769 2441 sunt-bona.»
790 2374 887 2441 Hanc
903 2371 1148 2465 interrogatio·

84 2514 153 2558 nem
169 2491 279 2585 magis
293 2490 488 2558 etiamnunc
507 2489 573 2559 hoc
591 2488 689 2557 modo
707 2486 881 2556 intendit:
901 2487 1014 2579 «Quas
1032 2512 1145 2582 neque
1174 2497 1205 2549 ³²

25 2650 26 2655 κ
83 2608 345 2702 magnitudinem
364 2608 478 2675 animo
496 2605 598 2690 dant,
620 2630 685 2675 nec
701 2603 880 2688 fiduciam,
902 2628 968 2674 nec
984 2607 1148 2675 securita-

82 2738 163 2807 tem,
184 2739 303 2793 contra
319 2739 431 2792 autem
451 2722 685 2804 insolentiam,
708 2736 896 2803 tumorem,
917 2722 1147 2815 arrogantiam
1248 2748 1253 2751 ·

83 2856 214 2923 creant,
237 2839 321 2909 mala
339 2855 417 2907 sunt
435 2864 443 2905 :
458 2862 479 2907 a
493 2836 641 2908 fortuitis
653 2853 767 2906 autem
781 2838 817 2906 in
830 2837 904 2905 haec
916 2836 1144 2931 impellimur:

83 2981 159 3051 ergo
179 2982 249 3026 non
267 2971 347 3026 sunt
362 2955 465 3023 bona.
482 2958 656 3041 s-Hac,
679 2954 810 3046 inquit,
832 2953 964 3021 tutione
985 2976 1031 3022 ne
1052 2977 1148 3023 com·

82 3072 175 3142 moda
194 3072 335 3166 quidem
355 3074 419 3142 ista
441 3087 554 3141 crunt.
568 3070 701 3139 -Alia
719 3084 771 3141 est
790 3067 1045 3138 commodorum
1064 3093 1148 3139 con·
1172 3078 1206 3132 tt

83 3186 182 3272 ditio,
212 3189 279 3257 alin
305 3189 484 3259 bonorum.
514 3186 737 3257 Commodum
763 3202 834 3270 est,
856 3185 950 3281 quod
969 3185 1048 3279 plus
1066 3209 1148 3255 usus

82 3304 179 3375 habet
203 3330 306 3399 quem
328 3305 511 3391 molestiae3
537 3306 665 3374 bonum
690 3305 861 3373 sincerum
878 3328 951 3372 esse
969 3302 1091 3388 debet,
1113 3320 1150 3373 et

81 3422 121 3491 ab
138 3425 231 3492 omni
252 3438 347 3517 parte
367 3424 555 3490 innoxium.
575 3424 651 3490 Non
670 3436 720 3489 est
739 3418 941 3502 tuborum,
961 3420 1055 3512 quod
1071 3419 1149 3513 plus
1202 3498 1206 3506 ,

82 3540 236 3632 prodest,
257 3538 319 3607 sed
338 3538 430 3632 quod
454 3552 583 3606 tantum
608 3536 758 3632 prodest.
780 3530 974 3607 Praetcrea⁴
995 3559 1150 3607 commo-

83 3656 156 3726 dum
173 3674 207 3727 et
223 3657 268 3727 ad
281 3654 441 3727 animalia
455 3656 623 3750 pertinet,
639 3652 732 3724 etad
745 3652 1146 3747 imperfectoshomines,

114 3882 587 3953 adpeciesmoguitudinisfislsarecte
669 3876 695 3929 3.
705 3876 740 3933 Si
748 3896 798 3947 per
812 3896 841 3931 se
851 3876 1076 3950 nocerentvnlgo,
1090 3896 1150 3930 cum

83 3960 136 4013 edd.
155 3980 168 4013 a
186 3961 258 4014 Mur.
278 3960 350 4012 Olim
357 3960 444 4032 salsoe
456 3956 514 4011 edd.
530 3976 588 4009 cnm
638 3956 674 4009 A.
681 3975 700 4009 ι.
711 3954 816 4022 Sis'psoe
823 3966 938 4009 mrem
948 3974 1007 4008 mss.
1014 3954 1074 4009 Par.
1084 3974 1112 4007 a.
1124 3956 1150 4006 b.

82 4056 125 4089 tus.
135 4058 155 4091 c.
166 4052 192 4092 et
203 4039 262 4091 Par,
272 4060 298 4091 a.
311 4038 335 4090 b.
346 4038 373 4089 d.
384 4036 467 4091 Sele.
638 4038 665 4089 d.
691 4055 750 4089 sum
775 4035 841 4088 aliis.
861 4034 961 4088 vitiose
983 4037 1037 4105 ipsi
1055 4033 1096 4087 ed.
1115 4035 1150 4087 fl.

114 4114 591 4185 aloquitrsctced.R.ctmss.l²ar.a·
640 4111 722 4167 Sele.

82 4191 104 4242 b.
119 4193 144 4243 d.
159 4192 216 4245 scil.
233 4192 390 4245 adversarius
401 4192 589 4263 Peripateticus.
673 4192 845 4257 4-Proetmo.
852 4190 990 4260 Perpetem
997 4190 1076 4262 vulgo
1083 4210 1151 4260 pm·-

83 4269 164 4343 Vulgo
182 4273 279 4340 inquis.
292 4269 375 4333 Solus·
636 4267 906 4338 praeministranda
919 4267 1152 4325 semanoth-S.
