2975 4992
416 430 861 509 arrsrouauxxr.
1108 438 1173 528 tos

99 590 213 645 contra
231 573 407 643 fortunam
421 570 546 640 audeat
562 566 719 636 attollere
735 568 852 637 oeulos
864 573 889 652 ¹,
905 566 1051 639 sednon
1068 570 1175 665 peni.

95 692 252 777 nacitor,
272 689 402 761 oedunt
420 689 510 756 enim
531 686 638 753 nimio
655 683 840 778 splendore
856 686 1035 779 praestricti
1053 714 1060 755 :
1086 687 1174 757 alius

96 813 129 877 in
146 823 308 891 tantum,
333 822 374 874 ut
399 806 503 900 possit
525 826 603 871 cum
620 801 679 869 ills
697 802 854 871 conferre
877 802 1029 891 vultum,
1049 805 1077 873 si
1101 805 1173 897 jam

95 927 256 1020 pervenit
270 922 317 992 ad
331 946 519 1003 summum,
539 936 575 987 et
592 914 726 989 fidueiae
745 918 868 1012 plenus
884 935 949 988 est.
969 914 1172 1016 imperfecta
1195 939 1229 1010 ³4

95 1068 234 1113 necesse
244 1058 298 1110 est
307 1040 444 1121 labent,
461 1054 496 1107 et
506 1034 607 1105 modo
618 1033 803 1129 prodeant,
819 1035 919 1105 modo
932 1034 1168 1122 sublabantur,

94 1178 150 1229 aut
164 1158 361 1229 succident.
384 1154 616 1225 Sublabentur
631 1168 763 1234 autem,
785 1152 851 1221 nisi
869 1154 920 1222 ire
933 1170 967 1223 et
980 1154 1045 1223 niti
1058 1180 1173 1250 perse·

94 1279 294 1347 voraverint
313 1306 322 1345 ε
344 1276 373 1345 si
398 1271 584 1369 quidquam
605 1293 647 1338 ex
668 1268 780 1339 studio
803 1285 839 1337 et
863 1268 960 1359 fideli
983 1273 1171 1342 intentione

94 1393 302 1473 laxaverint,
324 1404 416 1457 retro
432 1386 583 1456 eundum
596 1399 661 1452 est.
676 1386 784 1453 Nemo
801 1382 990 1478 profestum
1009 1386 1058 1454 ibi
1075 1386 1173 1457 inve-

94 1513 161 1596 nit,
180 1511 246 1579 ubi
264 1508 492 1600 reliquerat².
553 1513 554 1516 ’
743 1596 746 1601 1

138 1630 314 1697 Instemus
331 1625 464 1715 itaque,
487 1633 522 1687 et
541 1612 815 1712 perseveremus!
832 1615 912 1684 Plus
932 1640 1033 1709 quam
1050 1620 1172 1713 profit-f

94 1748 269 1839 gavinus,
283 1756 406 1826 restat,
422 1736 483 1805 sed
497 1757 619 1827 magna
628 1756 707 1825 pars
715 1746 767 1799 est
780 1732 972 1825 profectus,
985 1734 1075 1803 velle
1088 1760 1171 1830 pro-

94 1864 213 1930 ficere.
229 1857 342 1950 Hujus
359 1855 410 1923 rei
423 1851 579 1920 oouscius
593 1848 678 1916 mihi
692 1870 765 1915 sum
785 1872 793 1913 ι
809 1846 904 1928 volo,
921 1862 955 1915 et
972 1862 1041 1917 tota
1054 1866 1169 1919 mente
1193 1856 1225 1910 35

91 1978 182 2047 volo.
199 1978 255 2045 Te
274 1994 411 2066 quoque
425 1968 623 2037 instinctum
641 1986 732 2043 esse,
751 1978 785 2030 et
804 1986 927 2056 magno
941 1963 985 2032 ad
1003 1967 1168 2058 pulcher-

92 2090 180 2163 rima
195 2088 549 2187 properare-impetu,
568 2078 681 2149 video.
703 2076 944 2171 Properemus!
967 2082 1013 2149 ita
1030 2081 1167 2151 demum

91 2213 160 2280 vita
174 2207 385 2278 heneficium
398 2202 486 2287 erit,
500 2198 629 2289 alioqui
647 2220 742 2265 mora
758 2211 829 2280 est,
850 2211 885 2264 et
897 2196 1038 2288 quidem
1058 2202 1166 2294 turpis

91 2334 184 2397 inter
210 2325 299 2395 foeda
324 2318 551 2393 versantibus.
579 2314 622 2385 Id
644 2336 802 2407 agamus,
829 2329 868 2381 ut
889 2330 1042 2385 nostrum
1067 2340 1167 2387 omne

89 2466 222 2540 tempus
245 2445 315 2512 sit:
341 2459 411 2508 non
429 2438 496 2505 erit
515 2431 648 2517 autem,
673 2432 739 2497 nisi
763 2431 937 2523 priusnos
961 2434 1069 2501 nostri
1092 2459 1164 2506 esse

88 2560 304 2655 ooeperimus.
321 2550 471 2647 Quando
488 2548 664 2639 continget
674 2558 890 2611 contemnere
903 2562 1082 2638 utramque
1097 2548 1165 2617 lor-
1189 2566 1223 2622 36
1334 2580 1337 2596 =

90 2665 230 2744 tunam³
244 2674 260 2739 Ρ
275 2666 413 2763 qnando
424 2665 599 2755 continget
614 2658 771 2729 omnibus
781 2660 1160 2753 oppressisallectibus,

89 2811 125 2864 et
142 2791 209 2861 suh
226 2788 407 2859 arbitrium
424 2779 600 2861 adductis,
621 2778 711 2845 hanc
728 2798 844 2845 vocem
861 2776 1015 2845 emittere
1037 2804 1045 2845 ι
1070 2778 1164 2849 Vici!

88 2950 133 2965 -
144 2911 262 3003 Quem
274 2904 436 2983 vicerim,
456 2896 609 2992 quaerisi'
622 2932 670 2947 -
681 2894 760 2961 Non
775 2893 914 2978 Persas,
935 2918 999 2965 nec
1015 2911 1162 2967 extrema

87 3131 192 3191 domm,
200 3120 409 3181 estimationem,
418 3117 484 3177 dila*
492 3111 600 3179 ‚hbent
648 3136 807 3183 commosse,
818 3120 951 3190 quintium
962 3136 985 3175 et
993 3136 1099 3177 terrores
1109 3126 1162 3178 irn-

86 3202 242 3276 (produetz,
256 3200 424 3267 «poenul»
440 3192 557 3264 ΨΜ
569 3206 600 3241 ‘²
646 3197 739 3270 pavide
759 3209 947 3265 contemnunt,
969 3202 1088 3275 exemplis
1110 3204 1162 3256 sd*

87 3294 175 3335 emat
185 3273 522 3346 transmarinarum),
549 3285 598 3319 ue·
647 3274 754 3342 sunsit,
779 3274 884 3331 Seneca
904 3276 968 3332 loeis
992 3280 1083 3334 ethos
1103 3282 1159 3355 ipso

87 3288 598 3417 densentnentn,medis‚doidtsd·
647 3364 789 3425 opportune
816 3351 931 3406 admotis.
959 3357 1084 3426 Quaedam
1109 3360 1160 3415 hue

86 3464 130 3507 ρος
140 3440 236 3506 ἔχοντα.
245 3433 326 3507 Diog·
340 3434 420 3484 hert.
429 3424 494 3493 Vll,
508 3426 598 3495 roltq·
647 3431 783 3503 spectantia
803 3432 873 3485 dedit
887 3434 1010 3507 lnterpres
1027 3436 1058 3489 sd
1076 3438 1156 3510 Epict.

86 3518 193 3588 Menag.
204 3512 296 3565 ΜΗ.
649 3511 717 3564 Iliss.
731 3514 788 3563 Art.
801 3512 852 3573 lll,
869 3514 914 3579 sl,
928 3513 974 3583 76,
988 3536 1011 3587 p.
1028 3516 1081 3587 782.
1093 3517 1129 3570 R.

119 3614 143 3646 1.
159 3593 272 3647 Audeat
289 3588 407 3641 amtten
424 3586 519 3638 oeulos.
532 3581 597 3635 lloec
681 3610 705 3641 2·
713 3590 797 3642 Nemo
802 3592 944 3662 profectum
953 3593 991 3644 t'ln'
998 3596 1106 3660 intend,
1114 3596 1160 3649 uht

85 3672 166 3727 simili
176 3669 256 3724 modo
272 3666 391 3741 expressit
405 3662 555 3717 Plutarcho!
567 3660 599 3712 (le
648 3668 1158 3741 rels'quemt.Quipaulumdeseiscitsstu-
1222 3690 1224 3698 ’

85 3752 183 3822 Tranq.
203 3752 254 3801 An.
273 3746 351 3800 Tom.
370 3744 409 3811 X,
430 3764 454 3817 p·
475 3742 504 3795 31
525 3739 599 3794 llutt·
649 3742 693 3796 dio
703 3744 802 3797 virtutis
811 3745 999 3819 persequenda,
1012 3766 1037 3799 se
1048 3748 1098 3819 jam
1108 3772 1157 3823 pe-

85 3837 223 3894 ἆγιοοῦκες
232 3828 289 3879 tm
299 3826 348 3878 leel
358 3826 417 3894 πρὶς
427 3822 529 3875 ἀλυπίαν
541 3824 599 3884 ἀγα·
648 3822 728 3893 jorem
735 3822 911 3895 reperitqnum
918 3821 1085 3897 interruptum
1094 3847 1159 3901 opus

84 3911 145 3972 i‘e»,
159 3910 188 3959 el
202 3908 298 3975 pelseps
309 3904 347 3955 nl
359 3901 470 3956 ddsedes
479 3900 544 3970 ,πρὶς
557 3901 599 3957 τὴν
648 3900 754 3975 recipit,
768 3902 828 3973 quia
837 3902 903 3955 inter
913 3904 1075 3957 cessationem
1086 3907 1159 3959 exei-

84 3986 165 4056 τύχην
174 3984 285 4049 kendus
296 3991 345 4043 τοῖς
356 3982 482 4049 ὀφθαλμοῖς
491 3980 600 4031 tvattt·
649 3978 713 4031 dunt
723 3980 810 4036 animo
824 3982 940 4051 quedam
953 4002 982 4034 ex
997 3982 1030 4036 iis
1045 4004 1100 4054 quse
1113 3986 1159 4039 di·-

82 4084 156 4119 sses}
168 4081 248 4135 quem
263 4060 351 4116 locum
366 4059 447 4113 debeo
464 4056 600 4121 Bentleio,
650 4058 752 4112 disent.

82 4139 599 4218 quiinpmlsranotssdflorstdcm.
681 4136 706 4189 3·
729 4138 874 4207 Utramque
884 4139 1035 4211 fortunam.
1057 4140 1160 4194 Secun-

83 4224 115 4289 3,
138 4222 190 4290 ¹8,
205 4225 235 4276 eli
257 4224 357 4286 tollen,
377 4223 495 4275 attollere
513 4222 599 4272 oeulos
649 4217 893 4271 dsuetedrersam.
