2975 4992
396 412 876 485 ammonianus
954 492 956 498 ,
1105 413 1170 507 47³
1290 450 1296 465 ·

55 599 63 611 .
115 543 167 611 sub
176 564 321 635 quorum
335 544 441 613 tutela
453 544 828 636 positusexsroetsrtss
838 540 980 613 boass'.
995 543 1171 611 -Veruun
1196 551 1212 602 ⁵

113 658 185 725 ulios
197 655 1172 754 qnoquerexviribussnisprotegitss-QuisnogatiSed
1197 704 1201 719 ,

113 769 386 864 quemadmodum
407 775 567 867 Neptuno
588 774 667 869 plus
683 770 811 843 debere
827 794 864 840 se
884 768 1039 864 judicat,
1057 793 1099 839 ex
1115 770 1170 840 his

115 887 165 979 qni
176 886 294 955 eadem
308 888 556 981 tranquillitate
564 890 617 957 usi
629 903 727 976 sunt,
742 890 803 982 qui
817 888 916 983 plura
925 902 960 955 et
970 886 1171 982 pretiosiora

115 1002 257 1071 illomari
269 1006 383 1093 vexit;
395 1020 430 1073 et
440 1006 862 1088 animosiusamereatore‚
874 1018 1168 1097 quamaveetore,

114 1118 244 1187 solvitur
264 1132 400 1206 votum
414 1137 450 1189 et
465 1144 507 1191 ex
527 1122 610 1215 ipsis
631 1120 874 1191 mercatoribus
895 1119 1034 1189 effitsius
1055 1135 1169 1213 gratus

113 1250 166 1318 est,
182 1236 240 1329 qui
255 1235 380 1306 odores
391 1260 432 1306 ae
444 1260 626 1333 purpuras,
641 1252 677 1306 et
684 1260 768 1307 auro
780 1234 978 1331 pensanda²
989 1232 1165 1330 portabat,

111 1373 201 1443 quam
224 1352 288 1443 qui
315 1352 477 1421 vilissimo
499 1375 667 1446 qumque,
692 1367 730 1420 at
754 1351 904 1421 saburrae
930 1351 1003 1419 loeo
1029 1349 1165 1433 buturo,

113 1472 320 1561 congesserat
337 1495 346 1536 ι
363 1470 412 1537 sie
431 1469 534 1562 hujus
551 1471 644 1563 pacis
661 1470 883 1553 beneficium,
901 1468 946 1537 ad
962 1488 1077 1537 omnes
1089 1489 1169 1562 per·

112 1585 258 1667 sinentis,
277 1585 383 1653 altius
398 1584 443 1653 ad
465 1610 524 1655 eos
545 1586 720 1679 pervenit,
741 1587 801 1679 qui
818 1585 877 1656 illa
898 1584 987 1653 bene
1010 1599 1164 1653 utuntur.

111 1699 199 1767 Multi
216 1702 313 1769 enim
335 1715 415 1769 sunt
439 1725 478 1769 ex
509 1701 565 1769 his
588 1704 730 1795 togatis,
758 1700 883 1794 quibus
906 1724 971 1795 pax
992 1702 1167 1795 operosior

110 1814 189 1883 bello
201 1808 291 1884 ω’.
315 1815 370 1885 An
385 1816 476 1884 idem
496 1818 667 1887 existimas
683 1838 746 1911 pro
763 1838 846 1910 paee
863 1812 990 1885 debere
1010 1839 1085 1901 sos,
1105 1818 1165 1911 qui
1189 1835 1207 1891 6

111 1929 191 1998 illam
207 1930 366 1999 ebrietati
388 1948 448 1999 aut
470 1928 607 1999 libidini
628 1931 852 2025 impendunt,
872 1948 931 2003 aut
954 1932 1029 2002 aliis
1053 1934 1162 2019 vitiis,

111 2071 175 2140 quse
196 2049 250 2116 vel
267 2048 360 2117 bello
376 2048 566 2143 rumpenda
585 2041 687 2118 sunt⁴
699 2050 715 2118 Ρ
728 2050 804 2148 Nisi
822 2049 908 2119 forte
928 2066 997 2119 tam
1010 2050 1166 2143 iniquum

110 2175 195 2253 putas
207 2184 283 2230 esse
295 2162 508 2254 Sapientem,
522 2178 561 2231 ut
571 2162 658 2230 nibil
671 2162 799 2231 viritim
813 2186 849 2249 se
861 2162 989 2232 debere
1000 2186 1063 2257 pro
1074 2186 1166 2233 com·

111 2275 256 2345 munibus
268 2276 372 2345 bonis
380 2274 525 2370 judicet.
540 2276 611 2347 Soli
622 2277 777 2371 luneque
787 2279 972 2372 plurimum
986 2274 1113 2363 debeo,
1131 2294 1166 2349 et

110 2393 233 2461 nonnni
243 2393 330 2461 mihi
340 2394 515 2478 oriuntur3
527 2416 636 2477 anno,
653 2395 924 2489 temperantique
936 2417 1062 2463 annum
1074 2397 1160 2479 Deo,

110 2511 255 2601 privatim
268 2510 440 2604 obligatus
452 2533 544 2597 sum3
556 2512 709 2603 quamvis
722 2510 812 2580 nihil
824 2513 861 2580 in
875 2536 985 2579 meum
999 2511 1163 2587 bonorem

110 2624 265 2721 descripta
277 2612 365 2701 sint.
384 2625 494 2697 Stulta
515 2627 656 2696 avaritia
672 2620 893 2697 mortalium⁵
918 2630 1160 2721 possessionem
1187 2662 1201 2713 ⁷

110 2743 407 2835 proprietatemque
429 2739 614 2828 disoernit,
640 2743 911 2836 necquidquam
933 2768 1030 2814 suum
1053 2742 1163 2815 credit

111 2876 190 2940 esse,
215 2854 309 2949 quod
331 2854 507 2952 publicum
524 2871 591 2943 est3
619 2872 655 2924 at
671 2857 730 2925 ille
752 2857 895 2951 Sapiens
920 2856 1008 2925 nihil
1028 2856 1161 2949 judione

111 2994 196 3041 suum
212 2974 339 3066 magis,
359 2998 460 3065 quarn
477 2970 575 3074 cnjus
595 2974 647 3043 illi
673 2998 751 3044 cum
769 2974 917 3044 humano
935 2997 1063 3068 genere
1077 2999 1162 3047 oon·

139 3250 158 3281 ι.
172 3232 250 3285 Artes
267 3233 383 3286 baasi.
403 3232 603 3305 Philosophiam.
652 3234 761 3287 Romam
769 3233 861 3288 sdvsbi
868 3234 941 3287 solita
949 3254 1000 3287 esse
1010 3246 1115 3289 constat.
1124 3233 1161 3287 R·

112 3304 223 3377 Optima,
233 3310 370 3383 ingenae,
387 3311 503 3365 liberales
515 3331 538 3364 a*
549 3313 603 3365 Cis·
684 3312 710 3364 3.
721 3310 893 3381 Quidnam
899 3314 1031 3381 operosior
1037 3312 1105 3367 dello
1113 3322 1160 3365 est.

111 3395 131 3434 et
142 3384 192 3438 aliis
207 3400 339 3442 sonantur.
348 3389 485 3468 §spientis
496 3410 536 3443 ars
550 3402 603 3458 est,
652 3387 1160 3463 Quiaeapaeeabntuntur‚utpessimisse

111 3460 273 3539 sitnosterllp.
281 3482 355 3533 mr,
362 3488 385 3520 a.
391 3469 491 3522 Persius
499 3471 534 3537 V,
543 3470 605 3535 104:
652 3466 713 3520 dent
727 3467 808 3538 operis
821 3478 845 3519 et
856 3486 882 3520 se
893 3466 1006 3539 turpibus
1023 3464 1161 3539 voluptati-

112 3540 184 3593 «Tuli
192 3556 259 3597 recto
270 3544 352 3598 vivers
364 3546 416 3599 talo
427 3548 473 3599 Ars
482 3546 560 3600 dedit.
572 3569 587 3594 ν
651 3543 698 3596 but
709 3544 872 3617 ingurgitent·

138 3639 158 3669 2·
165 3618 315 3690 Quiodom
325 3642 495 3693 aepurpnrns
502 3635 603 3678 etam
682 3621 707 3686 4.
722 3620 791 3692 Qum
802 3624 845 3675 vel
856 3624 921 3677 bello
931 3606 1075 3693 minpenda
1091 3634 1158 3675 sunt.

109 3701 238 3764 manda.
251 3698 340 3766 Thus,
352 3702 471 3774 myrrha,
486 3714 601 3770 costum,
651 3700 702 3753 lot
714 3699 817 3754 Bellum
835 3700 917 3773 ipsum
935 3698 981 3754 tali
994 3720 1053 3773 paee
1068 3698 1157 3753 melius

111 3774 205 3827 nardum
225 3777 338 3849 aliosque
355 3782 444 3832 odores
463 3781 602 3853 pretiosos,
651 3780 730 3847 leret,
740 3762 805 3850 qnid
812 3778 951 3833 handum
961 3778 1080 3831 libidines
1089 3796 1159 3831 rum-

112 3850 603 3931 (Plin.xl1,n.)pmpam,imprimis
651 3872 729 3934 paret.

112 3926 604 4010 Tiflssolcfflmldtmllwdqd
692 3943 715 3994 5.
744 3939 833 3993 Stulta
860 3940 973 3993 ceadda
996 3940 1158 3991 monadum.

111 4008 169 4073 ης.)
180 4022 203 4060 et
216 4029 345 4081 gemmas,
361 4013 470 4066 amioum
486 4026 532 4068 ete.
545 4032 603 4085 qno
653 4017 811 4091 Spectantad
819 4016 1033 4091 paradoxonillnd
1039 4016 1157 4070 stoicum:

112 4082 422 4167 idemenmauropretium
434 4094 603 4151 bibenellae
651 4097 747 4150 Omnia
766 4097 891 4171 sapientis.
904 4096 943 4149 Cl-
957 4096 1036 4172 Lipsii
1050 4094 1157 4149 Manud.
1222 4100 1227 4107 '

112 4167 186 4220 omnia
202 4189 231 4223 ea
243 4172 364 4243 portubus
376 4174 445 4230 Asin
461 4175 603 4246 diuisaque
651 4174 704 4239 111,
716 4175 989 4247 11.Virmtesideoqne
1001 4186 1161 4250 etpuatqun
