2975 4992
248 344 251 357 Ι
286 406 351 473 230
579 402 621 470 Ι..
646 360 822 471 auum
848 402 1060 473 snutrein

283 531 373 601 nihil
389 532 463 599 siue
477 552 556 599 aere
578 529 762 625 frigidum¹
784 560 792 598 :
810 536 858 602 ita
875 533 1018 602 honesta
1042 549 1078 602 et
1092 536 1206 627 turpia
1224 535 1362 603 virtutis

282 671 323 716 ae
339 647 474 715 malitioe
490 648 632 715 societas
647 647 766 717 efficit.

238 770 256 823 6
330 762 427 856 Quid
440 786 522 856 ergo
540 780 592 832 est
610 764 737 834 bunum
751 768 908 834 illerum
921 766 1064 833 seientia
1075 770 1102 833 ².
1121 766 1218 857 Quid
1233 766 1379 835 malum'

280 880 359 947 est?
378 881 508 947 Rerum
526 880 712 972 imperitia.
740 881 804 949 Ille
821 880 973 973 prudent
994 896 1097 973 atque
1110 882 1232 949 artifex
1246 875 1273 963 ³,
1294 881 1361 973 pru

278 1009 444 1087 tempore,
465 1018 611 1086 quaeque
622 996 786 1088 repellet,
796 1012 856 1065 aut
864 996 979 1089 eliget.
994 997 1063 1066 Sed
1073 1021 1150 1081 nec,
1167 1022 1241 1090 quae
1249 996 1364 1090 repel-

217 1153 220 1160 ·
278 1110 342 1192 lit,
359 1112 456 1179 timet
471 1140 480 1196 3
497 1136 562 1179 nec
580 1113 742 1195 miratur,
758 1136 835 1205 quae
849 1112 945 1206 eligit
957 1139 968 1197 3
982 1112 1011 1179 si
1030 1114 1131 1181 modo
1147 1137 1290 1205 magnus
1307 1112 1362 1182 illi

217 1274 220 1281 -
256 1308 257 1311 Ἴ
279 1240 314 1295 et
330 1229 478 1296 invictus
495 1229 630 1297 animus
647 1243 709 1297 est.
731 1229 892 1298 Submitti
909 1242 944 1295 te
961 1251 1002 1297 ac
1019 1228 1167 1321 deprimi
1184 1247 1275 1298 veto.
1291 1232 1364 1298 Lu-

279 1344 398 1412 borem
412 1345 441 1411 ei
455 1367 525 1411 non
542 1367 679 1424 recuses
692 1394 701 1426 ,
721 1368 843 1439 parum
864 1361 914 1412 est
938 1371 946 1411 ε
961 1368 1064 1438 posce
1076 1342 1084 1412 l
1098 1345 1241 1437 -Quia
1255 1368 1339 1439 ergo
1347 1394 1361 1429 ‚

281 1460 415 1551 inquis,
435 1458 532 1527 labor
550 1460 692 1529 frivolus
714 1476 748 1529 et
766 1484 996 1554 supervacuus
1014 1462 1091 1529 eat?
1108 1498 1148 1512 -
1163 1460 1277 1552 Quem
1291 1460 1364 1527 hu-

237 1602 250 1651 7
282 1576 380 1668 miles
406 1598 514 1643 cauaae
539 1572 785 1645 vocaverunt⁴.
811 1580 888 1645 Non
915 1594 967 1647 eat
992 1579 1126 1662 malua3
1160 1602 1229 1646 non
1253 1578 1366 1670 magis

188 1718 192 1725 ·
279 1714 381 1782 quam
412 1690 496 1775 ille,
530 1692 590 1783 qui
619 1692 775 1787 pulchris
799 1693 904 1761 rebue
931 1693 1174 1787 impenditur:
1200 1695 1365 1785 quoniam

279 1809 386 1875 animi
405 1824 457 1876 est
473 1809 547 1901 ipsa
568 1809 766 1894 tolerantia,
784 1834 859 1902 quae
879 1834 915 1878 ae
931 1810 976 1879 ad
994 1809 1080 1879 dura
1097 1827 1131 1878 et
1147 1835 1267 1904 aspera
1280 1811 1366 1878 hor-

279 1940 392 2021 tatur,
416 1942 450 1993 et
477 1926 563 1995 dicit
588 1953 596 1992 ε
617 1925 702 2023 quid
722 1928 859 1996 cessas?
881 1952 951 1995 non
973 1943 1024 1996 eet
1043 1930 1132 2013 viri,
1155 1930 1276 1996 timere
1300 1951 1364 1995 su-

282 2040 420 2121 dorem!
447 2036 560 2111 Huic⁵
586 2060 621 2112 et
636 2032 732 2112 'illud
749 2044 911 2132 accedat,
930 2061 967 2113 ut
990 2046 1142 2138 perfecta
1158 2046 1268 2113 virtus
1286 2046 1361 2129 eit,

280 2159 455 2269 aequalitas
468 2184 509 2228 ac
524 2175 623 2228 tenor
639 2162 716 2229 vitae
731 2186 795 2255 per
809 2163 922 2231 omnia
932 2158 1144 2230 consonans⁶
1158 2163 1221 2230 sibi
1242 2189 1250 2230 z
1268 2160 1367 2254 quod

278 2397 402 2452 tempera
419 2380 497 2434 nobis'
504 2382 601 2453 acquiri
616 2395 691 2453 atque
708 2384 806 2455 possi-,
843 2384 945 2449 velent,
959 2384 1029 2455 quod
1039 2386 1302 2457 bonimalique.Vide
1311 2384 1363 2457 Ep.

280 2457 334 2510 deri
344 2472 456 2529 possunt.
468 2458 509 2513 Cf.
522 2460 628 2533 Epictet.
643 2459 746 2512 Arriam.
756 2461 793 2524 ll,
843 2479 886 2523 ας
896 2464 1125 2535 Diog.1.eert.Vll,
1137 2482 1192 2515 rnt.
1201 2464 1242 2517 Cs.
1249 2463 1330 2536 Lipsii
1338 2464 1365 2514 II

282 2534 319 2589 16.
332 2534 477 2589 Euehiridii
490 2538 511 2602 l,
527 2558 548 2589 r.
558 2538 648 2589 Ruth.
842 2540 1028 2592 Manuductin
1037 2539 1365 2592 Philos.ssoic.1)iu.1.lt

302 2632 336 2665 .r.
349 2612 425 2666 Nihil
434 2618 489 2667 sine
503 2614 794 2683 nereftigidum.8toi·
824 2649 830 2658 ι
876 2619 901 2669 il.
913 2618 965 2670 Ille
972 2620 1089 2686 prudens
1100 2618 1295 2689 atquemtiseae.
1307 2618 1365 2668 l.e.

280 2712 339 2747 uum
350 2694 443 2765 dogma
455 2730 463 2757 ‚
481 2714 564 2747 aerem
578 2694 659 2767 primu
675 2694 796 2765 frigidum
846 2692 1027 2767 philosophus,
1040 2695 1139 2766 tapiens
1150 2715 1157 2746 :
1170 2714 1230 2746 nam
1239 2714 1270 2745 eo
1279 2693 1364 2748 numi·

279 2790 341 2825 este.
352 2769 419 2823 Vide
434 2771 511 2823 meli
525 2770 602 2843 Phys.
614 2770 720 2822 Dissert.
738 2771 796 2822 XV.
847 2791 881 2823 ne
891 2771 971 2824 stoici
978 2771 1116 2844 sapientem
1124 2772 1257 2843 designare
1266 2783 1367 2823 emant:

282 2846 399 2916 Lipsius.
846 2850 956 2921 ticepud
969 2849 1097 2912 Lucilium
1109 2869 1128 2901 e.
1139 2848 1367 2902 auctoremAEtnae

313 2948 335 2979 2.
345 2926 446 2979 Rerum
454 2930 574 2993 scientia,
583 2940 607 2979 et
618 2927 764 2979 divinarum
774 2940 798 2978 et
847 2946 920 2979 versu
927 2926 1267 3000 186.eNuncopueartilicem
1275 2927 1367 2979 ineen-

278 3004 461 3069 humuuurum.
482 3005 559 3059 Cous.
585 3008 633 3077 Ep.
656 3020 797 3071 txxxvnr,
847 3005 885 3057 dit
903 3024 1054 3075 causamque
1074 3005 1188 3078 reposcit.
1199 3026 1213 3050 u
1226 3005 1365 3071 Horati,

278 3098 393 3148 Lxxxtxt
404 3084 457 3137 Cic.
464 3086 540 3137 Tuae.
552 3084 626 3157 Disp.
636 3084 683 3145 IV,
694 3084 723 3147 ὃς
734 3084 795 3137 Plu·
847 3084 929 3137 Serm.
937 3082 962 3150 3,
975 3084 1031 3148 132,
1043 3082 1098 3135 133.
1106 3082 1367 3155 «Sapiensoperissie

279 3162 358 3215 turch.
378 3162 462 3235 placit.
484 3162 583 3215 Philus.
603 3160 709 3233 princip.
727 3162 795 3212 Nam
845 3160 955 3234 optimus
973 3160 1056 3212 omnis
1070 3160 1117 3211 Est
1132 3158 1216 3231 opifex
1229 3159 1311 3226 solus,
1326 3160 1368 3211 sic

278 3240 375 3295 bunum
386 3255 411 3294 et
425 3241 517 3307 virtus,
532 3237 706 3313 sapientiaque
724 3237 795 3290 idem
846 3256 895 3289 rex.
912 3256 927 3283 u
942 3238 992 3289 ‘Cfi
1012 3236 1172 3289 Tiedemann
1192 3235 1297 3308 Syslem
1315 3238 1371 3289 der

278 3320 372 3373 valent.
391 3318 515 3393 ,Similem
540 3320 592 3370 fere
616 3314 796 3369 definitionem
844 3313 1306 3384 stotseh.l>ltt.111,p.158.ltutls.

278 3399 350 3452 dedit
368 3398 437 3452 Stoae
454 3396 569 3450 addictus
579 3397 717 3449 Musonius
734 3397 798 3449 Sto·
878 3395 902 3459 lp
916 3393 1004 3465 Quem
1016 3394 1127 3445 liuniiles
1143 3410 1232 3445 causa
1247 3412 1369 3445 moe-

281 3477 330 3531 baei
338 3478 419 3530 Serm.
427 3492 503 3527 xxvn
512 3475 542 3527 de
553 3474 705 3527 Assiduitete
713 3495 736 3547 p.
747 3494 794 3525 aar
846 3483 914 3525 runt.
921 3472 963 3525 Sic
971 3472 1046 3525 codd.
1055 3472 1130 3528 Grut.
1140 3470 1332 3546 Amplunieuus
1342 3487 1371 3527 et

281 3556 336 3619 (ed.
349 3556 440 3628 Tigur.
456 3554 529 3619 1543)
539 3592 546 3618 ,
558 3556 574 3609 ἡ
586 3554 664 3621 ἀρετὴ,
676 3552 722 3620 ispe
731 3554 796 3617 ‚lm-
848 3551 926 3602 editio
937 3562 1047 3612 vetust23
1061 3563 1127 3602 recte
1138 3566 1146 3599 :
1158 3550 1175 3602 i.
1185 3571 1207 3601 e.
1219 3570 1298 3619 quem
1308 3550 1371 3603 hu-

279 3636 361 3701 στήμη
371 3635 432 3685 ἔστὶν
444 3670 451 3699 ,
464 3634 490 3683 οὑ
504 3630 724 3699 θεωρηπιὴμόνον,
736 3632 797 3683 etit
846 3630 919 3681 miles
930 3646 1012 3682 eausa
1028 3627 1074 3679 tibi
1086 3628 1268 3700 imposuerunt.
1279 3630 1370 3681 Antea

277 3714 313 3769 nel
326 3714 450 3781 πρακτική.
458 3710 558 3783 Lipsius
567 3722 671 3775 monet,
689 3728 739 3761 esse
748 3710 798 3761 So·
846 3714 874 3760 in
890 3728 975 3777 quem.
988 3708 1089 3760 Gruter.
1107 3708 1302 3778 aliquammulta
1321 3708 1369 3763 hic

276 3791 404 3845 creticum.
416 3791 530 3842 Socrates
547 3788 616 3840 enim
632 3786 716 3840 dicere
729 3788 797 3839 sule·
846 3789 930 3840 deesse
943 3786 1124 3854 suspicabatur.
1137 3786 1228 3838 Ruth.

276 3869 328 3935 liat,
335 3882 360 3921 et
369 3868 475 3921 unicum
482 3867 578 3919 bonurn
588 3884 639 3917 esse
649 3865 791 3930 scientiam,
880 3869 903 3917 5.
912 3864 987 3917 Huic
993 3864 1052 3915 edd.
1065 3875 1125 3916 vett.
1137 3884 1196 3916 curu
1206 3864 1372 3918 mestit-Vul-

276 3960 300 4002 et
320 3947 426 3999 unicum
448 3945 544 3997 malum
565 3942 699 3997 inscitiam.
711 3943 793 4016 Diog.
847 3963 880 4012 qo
891 3942 954 4006 huc,
967 3962 982 3994 a
993 3942 1105 3997 Mureto.
1117 3942 1197 3995 Scae.

275 4028 356 4079 laert.
377 4027 420 4091 11,
439 4024 480 4077 31.
489 4024 558 4077 Hinc
572 4023 677 4075 ductum
688 4034 724 4075 est
741 4022 792 4076 hoe
874 4021 900 4073 6.
914 4021 1137 4074 Consonanssibi.
1148 4022 1268 4074 Allusum
1278 4020 1371 4075 adze-

276 4106 420 4159 Stuieurum
436 4104 545 4177 dogma,
562 4102 673 4173 indeque
685 4103 753 4155 docti
767 4116 792 4155 et
842 4098 920 4151 nonis
934 4099 1135 4167 ipeieyiei‚sive
1146 4103 1367 4165 convenientiam,

275 4183 349 4237 rudes
359 4221 366 4249 ,
376 4183 502 4236 σπονδαῒοι
515 4184 551 4233 esd
564 4185 649 4249 φαῦλοι
661 4217 668 4245 ,
679 4180 749 4232 idem
759 4180 790 4232 iis
841 4199 918 4248 quam
928 4178 1007 4232 linem
1016 4179 1164 4233 statuebant.
1170 4178 1237 4232 Vide
1249 4192 1370 4253 nestram
