2975 4992
412 572 682 645 EPISTOLA
707 573 979 642 LXXXVIII.
1161 573 1228 659 643
1297 604 1301 609 ·

152 708 341 779 circulatus
354 710 421 775 est¹
439 706 590 790 Gracia,
610 720 644 774 et
659 707 696 773 in
711 712 834 773 nomen
851 704 992 773 Homeri
1012 704 1057 774 ab
1073 704 1232 773 omnibus

152 826 351 897 civitatibus
368 823 566 919 adoptatus,
589 822 721 904 aiebat,
746 824 981 906 «Homerum,
998 839 1144 915 utraque
1157 846 1231 891 ma·
1316 886 1321 897 ,

153 945 244 1011 teria
257 957 508 1029 consummata,
525 954 559 1007 et
571 937 743 1031 Odyssea,
760 952 795 1004 et
806 936 936 1020 Iliade,
951 939 1161 1034 principium
1174 938 1232 1007 ad-

148 1056 277 1149 jecisse
291 1055 386 1148 operi
400 1077 475 1135 suo,
493 1076 560 1145 quo
573 1051 700 1123 bellum
713 1051 901 1144 Trojanum
915 1052 1110 1146 complexus
1121 1069 1174 1121 est
1188 1078 1196 1120 ι
1212 1079 1228 1115 s

151 1166 260 1262 hujus
273 1168 324 1237 rei
338 1181 574 1261 argumentum
586 1163 766 1247 afferebat,
789 1191 807 1230 o
823 1163 915 1258 quod
928 1162 1012 1234 duas
1024 1165 1179 1235 litteras²
1195 1166 1231 1233 in
1258 1176 1289 1228 35

152 1284 268 1376 primo
283 1305 384 1351 versu
398 1282 566 1375 posuisset
578 1303 618 1355 ex
634 1278 819 1362 industria,
837 1278 1002 1353 librorum
1017 1303 1154 1353 suorum
1166 1304 1232 1355 nu-

152 1420 289 1466 merum
313 1399 538 1467 continentes.
555 1421 572 1461 »
587 1432 627 1453 -
639 1392 740 1472 Talia
758 1394 841 1469 sciat
864 1409 1018 1487 oportet,
1043 1394 1105 1485 qui
1126 1392 1232 1463 multa

155 1515 233 1585 vult
246 1516 347 1583 scire.

203 1632 282 1701 Non
294 1632 347 1699 vis
361 1631 513 1725 cogitare
524 1622 551 1714 ³,
569 1628 732 1722 quantum
748 1628 912 1723 temporis
925 1625 988 1694 tibi
1001 1626 1133 1694 auferat
1144 1627 1231 1696 mala

152 1745 339 1828 valetudo,
364 1760 530 1838 quantum
553 1745 729 1840 occupatio
756 1743 915 1838 publica,
939 1735 1104 1835 qnantum
1128 1766 1232 1812 oocu-

152 1863 249 1957 patio
269 1864 422 1956 privata,
443 1877 610 1954 quantum
632 1862 809 1956 occupatio
831 1859 1048 1954 quotidiana,
1068 1877 1232 1952 quantum

151 1980 456 2049 aomnuti’ltlctiro
473 1996 606 2049 aetatem
624 1974 737 2049 mam!
762 1994 830 2046 tam
848 1976 953 2046 multa
965 2000 1036 2045 non
1053 1979 1158 2071 capit.
1179 1978 1231 2047 De
1257 1989 1288 2041 tt

152 2092 345 2183 liberals'bus
373 2092 488 2160 studiis
515 2093 659 2185 loquor,
687 2091 885 2181 Philosophi
912 2104 1076 2182 quantum
1103 2090 1232 2158 habent

150 2208 389 2302 supervacui?
413 2223 578 2301 quantum
608 2206 652 2275 ab
684 2230 750 2275 usu
776 2203 999 2276 recedentis?
1021 2200 1115 2300 lpsi⁴
1142 2232 1230 2301 quo·

151 2350 224 2419 que
243 2324 289 2393 ad
314 2324 526 2418 syllabarum·
549 2322 805 2409 distinctiones,
833 2337 867 2391 et
893 2323 1169 2416 conjunctionum
1192 2350 1232 2395 ac

152 2440 433 2535 praepositionum
459 2441 685 2534 proprietates
711 2436 984 2522 descenderunt,
1018 2455 1053 2508 ot
1076 2441 1231 2510 inridere

153 2556 403 2651 grammaticis,
429 2554 585 2624 invidere
609 2557 805 2649 geometris.
826 2554 1006 2654 Quidquid
1035 2557 1070 2623 in
1094 2555 1229 2626 illorum

152 2671 288 2741 artibus
310 2696 560 2765 supervacuum
582 2688 677 2755 crat,
694 2673 899 2741 transtulere
916 2674 953 2740 in
974 2697 1082 2741 suam.
1103 2674 1162 2743 Sic
1177 2674 1230 2742 ei-

152 2788 282 2857 fectum
308 2803 380 2872 cat,
404 2804 442 2857 ut
465 2787 664 2883 diligentius
680 2791 808 2859 scirent
826 2789 940 2883 loqui,
969 2814 1072 2883 quam
1096 2793 1226 2861 virere.

151 2904 270 2986 Audi,
301 2920 465 2997 quantum
491 2905 571 2973 mali
598 2905 699 2973 saciat
728 2908 834 2975 nimia
854 2905 1045 2990 subtilitas,
1071 2924 1106 2977 et
1125 2932 1229 3002 quam
1253 2923 1285 2992 37

152 3020 277 3089 infesta
303 3022 437 3090 ueritati
466 3017 533 3092 sit!
559 3014 786 3116 Protagoras⁵
807 3023 876 3107 ait,
915 3023 990 3092 ade
1013 3025 1104 3093 omni
1127 3047 1166 3092 re
1192 3026 1228 3092 in

150 3150 485 3228 utramquepartem
507 3134 676 3229 disputari
700 3160 801 3229 posse
821 3160 862 3205 ex
884 3160 1006 3229 aequo,
1031 3153 1068 3205 et
1093 3136 1136 3206 do
1163 3136 1227 3206 boc

150 3346 221 3398 unde
233 3358 258 3398 ct
269 3348 297 3399 in
308 3365 400 3400 nomen
411 3346 525 3403 Homeri
531 3350 567 3402 ab
575 3352 666 3401 omni-
713 3350 816 3421 signant
823 3351 984 3419 dllAEr'psr'us,
994 3351 1139 3421 qnisimiles
1147 3372 1228 3427 nugas

148 3423 666 3494 buscivitatibusadoptatusi.altcrllo·
714 3430 837 3481 aliattes
859 3428 989 3483 Plutarch.
1010 3430 1106 3499 Quaest.
1126 3432 1226 3488 courir.

150 3518 236 3552 merus
246 3501 483 3573 cognominabatur,
496 3516 522 3557 ot
530 3503 664 3572 historica,
715 3506 769 3571 IX,
783 3506 806 3559 3.
819 3508 909 3560 Ruit.

150 3596 174 3630 e.
191 3598 214 3630 e.
234 3576 326 3630 librum
347 3579 466 3632 adversos
482 3580 604 3647 Judaeos,
623 3582 665 3636 cui
747 3580 772 3635 3.
791 3583 853 3636 Non
873 3586 914 3635 vis
933 3589 1046 3655 cogr'tore
1067 3585 1111 3639 sie
1131 3586 1225 3661 optime

149 3656 257 3710 Flavius
268 3656 393 3731 Iosephus
403 3659 540 3730 respondit.
551 3660 591 3713 CI.
603 3661 664 3713 Gar.
714 3678 780 3712 uuus
790 3659 865 3713 Grut.
873 3680 952 3732 quum
962 3675 1037 3716 antea
1044 3663 1072 3714 in
1081 3662 1139 3715 cdd.
1149 3678 1223 3731 osset,

148 3734 189 3788 Io.
199 3734 305 3787 Vossius
314 3736 346 3787 de
354 3734 448 3789 Hister.
455 3735 665 3813 Gr-ll.p.190sq.
712 3742 768 3793 noti
786 3743 913 3810 rugitum
932 3762 972 3817 ap.
992 3742 1141 3810 Mureturn,
1158 3764 1226 3795 nuuc

149 3810 243 3863 Rutu.
711 3818 794 3885 cogita
811 3834 820 3867 .·
836 3817 974 3874 Pincianus
985 3840 1014 3871 cx
1027 3819 1224 3875 veterilsctione

186 3904 209 3939 r.
225 3890 372 3942 Circulotus
382 3899 428 3943 est.
443 3890 572 3943 devoravi
584 3911 613 3944 es
625 3890 664 3944 ad.
711 3893 804 3947 scribat
819 3894 902 3951 littera
915 3898 1030 3965 minore,
1049 3910 1078 3952 nt
1099 3898 1226 3954 cohaereat

148 3962 186 4016 R.
198 3964 241 4016 eni
252 3966 438 4039 suffragabatur
449 3966 506 4019 cod.
524 3987 569 4019 ms.
578 3968 665 4045 Lipsii.
710 3971 881 4046 superioribus
894 3990 963 4029 :non
971 3978 1090 4047 cogitare.
1100 3977 1191 4030 Ruth.

149 4040 202 4094 Alii
211 4041 290 4115 volgo
297 4046 474 4098 circumlatus.
482 4046 663 4101 Circumdotus
744 4052 769 4119 4.
784 4050 870 4118 Ipsi...
885 4058 1031 4124 geometris.
1048 4054 1079 4106 E.
1094 4074 1115 4108 c.
1129 4054 1201 4111 Plato
1215 4094 1223 4123 ‚

147 4138 197 4171 rns.
210 4140 232 4173 c.
246 4118 327 4175 Sctae.
712 4127 873 4193 Aristoteles,
887 4130 976 4185 Stoici.
983 4130 1074 4187 liubit.

183 4218 207 4249 a.
219 4197 312 4268 Hujus
325 4202 364 4253 rei
371 4209 556 4270 argumentum
565 4203 662 4275 affim—
743 4207 767 4257 5.
786 4206 974 4279 Protagoras...
993 4213 1034 4264 sit.
1052 4212 1116 4266 llaec
1137 4224 1161 4264 ct
1177 4232 1224 4265 se-

147 4276 210 4339 bot,
223 4278 296 4346 quod
307 4279 375 4331 duas
388 4282 498 4335 litteras.
511 4280 552 4334 Sc.
564 4290 590 4334 Μ
601 4295 626 4334 ct
640 4292 662 4335 Η
711 4282 814 4353 quantia
832 4283 897 4338 bona
913 4289 1073 4358 pertractavit
1085 4289 1182 4362 lipsius
1194 4291 1220 4342 in

147 4350 175 4402 in
188 4352 270 4424 prims
283 4352 371 4407 llisdis
388 4374 452 4412 vocs
468 4364 575 4414 uultus
582 4397 590 4427 ‚
604 4376 661 4429 quc
710 4360 818 4416 Μιιιιιᾶ.
829 4362 862 4416 ad
871 4363 986 4434 Physiol.
998 4366 1068 4423 stuic.
1078 4368 1119 4433 ΙΙ,
1131 4370 1155 4436 4.
1167 4368 1223 4422 Tic·
