2975 4992
364 481 430 567 tto
567 460 569 465 ’
656 480 699 557 u.
724 478 1136 551 suun1suuucte

330 644 332 649 ·
362 611 449 683 mule
472 608 575 679 habet
597 610 719 681 inertia
745 611 798 679 sui
816 611 1008 705 impatiens.
1028 613 1145 705 lllngui
1167 612 1414 703 'imperatores,

361 749 465 816 quum
478 723 564 792 male
580 747 702 817 parere
721 724 862 805 militem
878 724 1014 806 vident,
1031 725 1146 818 aliquo
1163 724 1278 795 labore
1292 748 1417 821 compe-

319 875 336 925 tt
361 852 479 924 scunt,
503 857 537 909 et
550 842 822 935 expeditionibus
836 841 1001 913 detinent.
1019 844 1198 937 Nunquam
1218 858 1315 912 vacet
1328 843 1415 912 lasci·

359 960 432 1028 vire
449 958 631 1045 districtis,
654 960 811 1052 nihilque
830 976 895 1029 tam
915 975 1045 1030 certum
1061 976 1133 1044 est,
1152 984 1253 1053 quam
1269 960 1329 1028 otii
1341 962 1415 1029 vitia

359 1076 495 1169 negotio
510 1072 646 1145 discuti.
667 1076 764 1169 Saepe
783 1076 938 1146 ridemur
955 1076 1055 1146 taedio
1072 1100 1187 1144 rerum
1199 1074 1367 1159 civilium,
1385 1094 1416 1145 et

358 1189 503 1259 infelicis
519 1204 621 1287 atque
637 1190 779 1285 ingratae
796 1192 970 1259 stationis¹
989 1191 1203 1285 poenitentie,
1219 1190 1390 1258 secessisse
1404 1215 1412 1257 ε

357 1307 515 1403 tamenin
529 1306 588 1375 illa
602 1307 746 1392 latebra,
758 1310 795 1379 in
808 1315 908 1398 q'uam
922 1332 984 1375 uos
998 1308 1098 1381 timor
1111 1323 1147 1374 et
1161 1304 1326 1374 lassitudo
1339 1329 1414 1375 oon-

351 1423 447 1515 jecit,
457 1421 626 1491 interdum
641 1421 850 1515 recrudescit
863 1412 1038 1491 ambitio⁵.
1056 1424 1131 1491 Non
1144 1424 1234 1490 enim
1246 1422 1417 1490 excisade·

355 1524 507 1618 iiit,'sed
525 1540 682 1636 fatigata,
701 1539 880 1607 autetiam
903 1530 1072 1632 abjectai,
1095 1537 1196 1606 rebus
1215 1560 1337 1631 pamm
1356 1536 1415 1604 sibi

301 1686 329 1718 ιο
353 1654 564 1721 cedentibus.
581 1656 674 1721 Idem
688 1652 729 1720 de
743 1654 876 1721 luxuria
889 1655 984 1737 dico,
1001 1679 1077 1747 quas
1088 1653 1224 1723 videtur
1235 1654 1418 1746 aliquando

356 1772 512 1855 cessisse3
534 1768 657 1839 deinde
683 1768 909 1866 frugalitatem
933 1770 1101 1863 professos
1118 1770 1292 1854 sollicitat,
1316 1784 1414 1864 atque

353 1884 388 1951 in
407 1883 517 1961 media
534 1884 742 1976 parcimonia
757 1885 946 1977 voluptates
963 1909 1030 1952 non
1046 1882 1236 1966 damnatas,
1258 1882 1322 1953 sed
1339 1886 1416 1953 seli-

287 2048 291 2063 .
352 2012 439 2079 ctas,
464 1998 568 2091 petit3
595 2011 629 2063 et
654 1995 793 2087 quidem
811 2022 852 2065 eo
867 1997 1121 2080 vehementius,
1142 2021 1210 2089 quo
1238 1998 1414 2066 occultius.

351 2110 474 2178 Omnia
492 2110 583 2177 enim
601 2110 683 2178 vitia
699 2110 736 2177 in
756 2125 873 2205 aperto
889 2111 1017 2180 leviora
1030 2126 1109 2180 suut
1127 2136 1135 2177 ε
1154 2110 1263 2178 morbi
1281 2134 1419 2203 quoque

351 2238 433 2307 tunc
450 2221 493 2289 nd
514 2224 690 2293 sanitatem
705 2224 888 2309 inclinant,
909 2249 1014 2318 quum
1027 2248 1068 2293 ex
1080 2223 1196 2292 abdito
1211 2238 1396 2317 erumpunt
1405 2274 1416 2308 ,

350 2363 391 2408 ac
408 2340 475 2407 vim
494 2364 588 2407 suam
610 2342 799 2434 proferunt.
816 2344 858 2420 Et
871 2342 1046 2411 avaritiam
1059 2342 1194 2433 itaque,
1210 2355 1246 2409 et
1258 2337 1418 2407 ambitio-

349 2480 447 2542 nem,
467 2473 501 2525 et
519 2472 642 2528 caetera
662 2457 748 2526 mala
762 2460 883 2527 mentis
899 2458 1073 2539 humanae,
1098 2472 1180 2525 tuuc
1194 2457 1419 2550 perniciosis·

348 2576 431 2643 sima
451 2576 536 2643 scias
552 2600 638 2659 esee,
651 2600 756 2668 quum
773 2576 926 2645 simulata
938 2577 1081 2644 sanitate
1096 2574 1291 2643 subaidunt.
1310 2573 1423 2644 Otiosi

346 2682 515 2775 videmur,
532 2706 567 2760 et
577 2716 647 2761 non
661 2716 788 2762 sumus.
803 2694 888 2761 Nam
903 2694 932 2761 si
945 2692 1034 2762 bona
1048 2689 1116 2761 fide
1130 2714 1263 2777 sumus,
1282 2693 1314 2760 si
1332 2712 1422 2759 rece·

348 2963 452 3017 Cervice
464 2961 574 3036 pendet,
589 2982 643 3014 non
660 2960 755 3016 Sicula
780 2960 854 3035 dapes
903 2961 1423 3036 set,nullilaeiuoripepereitutrelietum

346 3043 455 3097 Duleero
468 3042 635 3095 elaborabunt
646 3060 778 3113 saporem,
790 3042 853 3093 Non
903 3040 1038 3113 imperium
1046 3052 1221 3112 semper-eren
1234 3052 1260 3092 et
1270 3040 1424 3096 recentiori·

344 3120 428 3175 arium
449 3120 607 3194 cytbsrseque
621 3131 708 3172 cautus
724 3118 852 3171 Somnum
901 3119 948 3173 bus
956 3118 1109 3196 tempoiiltus
1118 3119 1223 3173 Carolus
1230 3120 1421 3193 quintus,qui,

345 3200 471 3253 reducent.
483 3221 497 3245 n
901 3216 981 3269 quum
1002 3218 1067 3251 onus
1084 3199 1257 3271 regendorum
1276 3219 1425 3272 regnorum

379 3299 399 3331 ι.
406 3278 501 3348 Magni
510 3280 692 3346 imperatores,
703 3286 749 3329 etc.
761 3272 852 3326 Euem-
900 3294 1004 3327 suorum
1013 3276 1176 3349 deposuisset,
1189 3277 1301 3344 privata
1311 3276 1376 3332 vite
1386 3296 1424 3328 so·

343 3356 385 3431 plo
397 3356 428 3409 sit
439 3355 584 3409 Alexander
599 3356 637 3407 M.
651 3353 718 3426 apud
731 3352 851 3405 Curtium
901 3351 1037 3406 litudiuem
1050 3374 1102 3407 nen
1112 3356 1176 3407 ierre
1188 3355 1282 3427 potuit.

342 3437 408 3505 Vll,
426 3456 452 3503 s,
467 3440 500 3502 i,
514 3436 571 3489 satis
585 3436 693 3512 prudeus
705 3473 712 3498 ,
726 3429 775 3487 otii
788 3433 851 3487 sitia
933 3430 957 3495 4.
973 3433 1032 3485 Aut
1047 3436 1128 3485 etiam
1141 3434 1252 3499 abjecta.
1274 3431 1325 3485 Sie
1343 3430 1424 3504 vulgo

342 3537 373 3583 pe
393 3514 443 3569 otio
455 3513 565 3577 discuti,
582 3526 627 3566 etc.
642 3512 685 3565 ubi
697 3512 751 3585 ipsa
760 3511 850 3565 Nostri
899 3508 960 3561 iude
978 3510 1011 3563 eb
1029 3511 1070 3562 ed.
1089 3512 1125 3564 Ii.
1144 3523 1169 3562 et
1185 3509 1359 3563 consentiunt
1375 3520 1424 3559 tres

310 3582 315 3592 ⁸
341 3614 356 3647 u
431 3590 547 3655 aCurtio
561 3590 587 3643 iu
605 3609 765 3643 usumsuum
786 3609 849 3642 eon·
900 3588 973 3642 codd.
986 3592 1047 3664 Ops.
1059 3602 1083 3643 et
1094 3590 1208 3661 quinque
1219 3590 1299 3641 Grut.
1311 3590 1373 3643 Nee
1383 3601 1427 3639 ta-

341 3688 411 3737 uersa
422 3666 499 3729 vides.
512 3666 599 3721 Ruth.
899 3688 959 3722 men
966 3669 1024 3721 satis
1033 3682 1118 3742 aptum
1128 3668 1185 3720 huie
1193 3668 1251 3722 loeo
1259 3668 1290 3719 id
1303 3666 1424 3719 verbum.

373 3765 396 3801 2·
408 3742 551 3807 Slalt'vm's,
567 3744 583 3797 l·
604 3764 626 3796 e·
645 3740 725 3795 officii
743 3754 768 3794 el
786 3761 850 3793 mu·
899 3746 1291 3819 abimtoinveteod.repererat
1303 3744 1426 3808 Modius,

340 3820 405 3883 peris
419 3840 451 3875 :a
465 3819 555 3874 militia
569 3820 680 3874 ductum.
692 3818 807 3889 Lipsius.
815 3846 849 3859 -
898 3825 967 3877 uude
976 3824 1101 3889 abjurato
1114 3822 1273 3895 corrigebat,
1284 3824 1364 3895 quod
1376 3821 1428 3873 soi·

339 3900 459 3975 Esemplo
471 3902 501 3953 sit
513 3900 601 3955 Cicero
613 3921 670 3955 eum
683 3898 769 3953 multis
782 3900 847 3953 aliis.
898 3922 945 3955 uus
953 3901 1027 3955 etiam
1037 3902 1087 3956 bue
1096 3902 1338 3974 quadrat;obimta
1349 3900 1428 3953 babet

339 3978 428 4035 Ruit.
896 3979 936 4032 ed.
948 3981 1001 4043 A.,
1016 3982 1114 4033 obt'ecla
1126 3998 1174 4033 ms·
1185 4000 1206 4032 c.
1225 3977 1317 4033 Unice
1332 3999 1428 4032 venem

370 4055 765 4111 3.llecrudeseitombitio.'l'ales
775 4058 845 4109 luere
896 4072 949 4111 erat
963 4058 991 4109 id
1004 4058 1073 4129 quod
1091 4078 1120 4111 es
1137 4058 1234 4129 optimo
1247 4058 1314 4110 eod.
1333 4058 1427 4110 Nicot.

337 4146 361 4187 ct
374 4134 543 4191 Maximianus
558 4134 713 4188 Diocletiani
726 4133 843 4207 college,
895 4135 1007 4189 laudavit
1025 4137 1186 4214 Opsoposus,
1209 4136 1337 4202 odmen,
1355 4135 1429 4208 quod

335 4212 389 4293 qui,
398 4212 846 4287 postquamsescimperioabdieevis·
896 4214 993 4268 restitui
1007 4215 1112 4285 senece.
1126 4213 1253 4269 debuerat.
1269 4214 1363 4273 δεῖν).
