2975 4992
459 418 755 490 PRAEFATIO.
1106 422 1145 489 31

77 577 196 626 etatem
209 564 242 624 in
256 581 308 626 eas
317 560 441 626 Senem
455 562 617 636 editiones,
630 562 738 645 quibus
747 562 837 646 enlgo
847 558 971 636 etimne,
985 576 1153 648 propagata

80 684 201 742 essent;
224 669 456 752 circumspicere
472 669 551 752 coepi
567 669 714 730 editionem
729 689 816 746 eam,
835 689 900 750 que
916 671 954 730 ob
967 673 1029 752 ipso
1043 669 1154 733 Mumo

81 775 111 838 in
132 776 236 839 lucem
254 774 387 859 proferri
408 783 522 857 coept'e,
544 773 637 858 poulo
655 787 726 857 post
743 775 809 856 ejns
825 774 942 838 obitum
955 773 1063 838 Rome
1076 800 1154 859 oeno

83 899 253 958 unnxxxv,
264 882 386 966 prodiit.
397 880 500 963 Quum
517 902 611 962 qnum
625 880 735 944 trustra
752 881 941 962 quesissent,
955 884 1027 946 eatis
1039 884 1155 948 babere

81 988 188 1064 debui,
212 990 294 1070 quod
313 1001 344 1050 et
366 997 529 1048 contextum
549 985 646 1067 quatis
667 999 733 1048 erat
752 1007 771 1048 e
790 987 904 1050 Mureto
918 989 1108 1062 constitutus,
1125 1005 1157 1054 et

82 1097 218 1179 ejusdem
228 1096 338 1156 Mureti
348 1093 458 1156 Nom·
469 1095 535 1155 dune
549 1093 710 1170 editiones,
721 1115 787 1175 quoe
797 1096 952 1169 admones
963 1110 1061 1176 crant,
1075 1098 1158 1162 exbi-

82 1204 204 1278 berent3
228 1201 323 1264 altera
347 1201 588 1274 Commelsin‘nna,
611 1200 658 1262 cni
674 1201 793 1277 titulus,
808 1202 845 1262 L.
863 1203 1002 1264 Annaeus
1013 1207 1122 1267 Smecu
1136 1229 1157 1268 o

83 1313 128 1372 M.
145 1313 218 1375 Ant
232 1311 344 1371 Mureto
358 1320 498 1370 cometus
518 1322 575 1370 etc.
591 1322 731 1385 unxctn,
750 1309 846 1370 altere
863 1309 1002 1371 Parisino
1014 1328 1041 1372 tt
1056 1326 1096 1374 nc
1112 1329 1154 1391 11,

83 1439 141 1501 que
156 1419 319 1478 Romanam
337 1417 447 1477 Mureti
467 1391 618 1476 etlittbnem
632 1415 673 1474 ud
684 1437 804 1494 unguem
824 1437 991 1498 expressam
1003 1439 1069 1481 esse
1083 1420 1158 1486 Nic.

84 1527 181 1588 Faber
200 1525 232 1586 in
251 1521 427 1607 praefatione
446 1521 594 1584 adfirmat.
615 1518 663 1582 Ex
684 1524 850 1606 eademqne
866 1521 1005 1586 Parisios
1025 1502 1157 1591 editione

84 1633 177 1694 etiam
197 1632 336 1691 Pinct'ani
346 1640 375 1690 et
394 1629 534 1712 Opsopoei
546 1625 707 1690 Lectiones
729 1627 859 1711 cognovi
872 1628 931 1709 lde
944 1628 1053 1710 quibus
1066 1652 1158 1717 snpra

84 1738 165 1814 dixi)
179 1757 198 1798 e
212 1735 366 1800 codicibus
379 1732 480 1796 msstis
493 1729 702 1817 Epistularum
714 1729 836 1795 Senem
849 1734 1061 1818 depromptum
1079 1759 1158 1820 qtm-¹

84 1865 153 1904 rum
166 1841 227 1904 illae
241 1841 273 1904 in
286 1839 434 1902 Fernundi
453 1840 591 1902 Pinct'nm'
604 1843 635 1901 io
651 1833 768 1901 Senecie
786 1842 895 1921 scriptu
918 1839 1157 1925 castigationibus

84 1972 121 2009 eu
135 1948 390 2010 acutissimo-m
404 1945 605 2022 exemplarium
620 1946 784 2020 collun'one,
799 1967 830 2028 p.
846 1944 923 2020 505,
937 1959 967 2008 et
977 1968 1059 2030 seqq.
1068 1947 1159 2033 hujus

86 2055 246 2130 editionis,
259 2052 303 2114 bue
312 2057 386 2116 vcro
397 2052 428 2113 in
439 2052 624 2114 Collectuneis
639 2062 667 2111 et
678 2050 768 2113 Notis
780 2053 811 2112 io
821 2051 857 2112 L.
866 2051 1009 2114 Annam
1019 2057 1158 2138 Senem

85 2161 158 2222 ibid.
174 2183 206 2244 p.
219 2158 278 2243 617
296 2181 359 2240 sqq.
373 2157 590 2220 continentur³.
609 2157 725 2218 Gruteri
738 2177 812 2218 vero
826 2155 1003 2234 Lectiones,
1015 2181 1052 2221 ex
1065 2162 1164 2242 quin--

86 2289 144 2349 que
158 2269 247 2332 codd.
261 2265 531 2348 msstisexcerptss
547 2266 598 2342 (de
612 2263 720 2345 quibus
733 2263 837 2326 itidem
849 2285 940 2349 supra
954 2267 1067 2330 dictum
1082 2269 1156 2354 est),

87 2508 188 2560 tionum
201 2505 280 2557 ultera
293 2521 410 2576 expresses
425 2514 483 2554 eunt
493 2520 608 2573 quoqne,
622 2513 650 2552 ut
661 2501 757 2572 reliqna
770 2500 872 2556 Seneca
883 2521 979 2570 opero,
993 2502 1028 2556 sie
1047 2516 1072 2557 et
1087 2504 1160 2575 Ept-

88 2591 179 2654 stoloe,
188 2588 268 2643 inille
282 2587 408 2650 editione,
417 2586 665 2658 qntefitrmuoctuvn
673 2584 763 2638 itidem
772 2584 891 2640 Basileoe
896 2607 966 2640 anuo
974 2587 1094 2643 nim
1100 2609 1161 2643 eum

87 2671 218 2742 Dioeysit'
237 2669 389 2738 Gotltosredi
406 2667 469 2721 leo·
485 2667 640 2736 conjecturis
656 2677 683 2719 el
698 2669 729 2720 V
726 2670 846 2721 ambrum
860 2667 1013 2722 laum
1025 2671 1100 2724 libre's
1113 2674 1160 2737 V,

86 2777 135 2826 per
144 2757 243 2810 Eusele
253 2754 421 2824 Episcope'nm
436 2773 523 2806 excuse
539 2751 647 2825 prodiit:
660 2771 716 2821 quse
730 2751 808 2805 editio
820 2752 975 2827 inpromptu
986 2755 1089 2826 quidem
1097 2757 1162 2814 mihi

89 2843 153 2908 luit,
166 2839 228 2900 sed,
242 2838 332 2914 quippe
345 2857 401 2908 qun
412 2835 477 2890 nihil
490 2837 609 2910 precipui
619 2836 737 2902 heberet,
750 2837 831 2897 rarius
841 2837 971 2910 inspectu
985 2860 1044 2893 nent
1058 2853 1083 2893 et
1099 2844 1162 2895 Vu-

90 2929 147 2980 n'us
165 2925 299 2978 Lectiones
318 2941 379 2994 qnos
396 2920 499 2994 collegit
517 2920 708 2992 Gotdqsredus,
724 2920 826 2975 aliunde
843 2923 956 2994 cognitas
974 2923 1118 2992 habebam,
1139 2940 1163 2980 et

93 3013 261 3076 ὢηῘιεΙιιταε
276 3007 388 3080 ejsudem
401 3005 556 3070 consectari,
568 3025 675 3074 quartem
688 3005 796 3079 plurime
811 3026 868 3079 pere
881 3020 948 3061 reete
962 3029 977 3062 e
990 3009 1100 3065 Gmem
1112 3033 1163 3066 ex-

90 3095 162 3170 plosa
172 3107 225 3156 eet,
237 3112 320 3166 opere
333 3091 438 3164 pretium
450 3110 504 3143 non
518 3089 586 3142 duxi.

124 3184 134 3214 ¹
147 3179 226 3232 Nola
237 3177 340 3249 quidem
350 3176 450 3228 Mureti
459 3174 491 3228 sd
502 3194 556 3228 rem
568 3173 679 3227 criticam
690 3185 843 3248 spectantes,
856 3175 947 3246 quibus
957 3177 1163 3235 emendetionnm

91 3277 135 3318 sut
146 3261 317 3314 mutationum
330 3281 345 3312 a
360 3279 386 3311 ee
399 3259 538 3311 aelletesum
555 3259 636 3309 sontes
651 3256 791 3323 indiceret,
809 3257 902 3332 oppido
921 3280 1007 3334 peucte
1024 3275 1101 3315 sunt:
1113 3284 1164 3335 quo

91 3348 136 3408 fit,
147 3359 176 3400 ut
189 3345 227 3397 eis
238 3345 266 3396 in
277 3343 338 3397 locis
348 3380 355 3407 ,
367 3343 411 3395 nbi
426 3343 467 3395 illc
477 3361 491 3393 a
500 3341 591 3394 nostris
604 3340 674 3393 libris
687 3341 714 3393 in
725 3341 853 3395 diversum
864 3342 932 3406 ubit,
945 3343 1047 3400 difficile
1058 3346 1165 3406 subinde

92 3432 205 3504 judicatu
215 3428 263 3492 sit,
275 3441 360 3479 utrum
373 3447 403 3479 ex
413 3425 488 3500 ipsius
499 3424 641 3496 conjectura
652 3461 660 3488 ,
673 3443 707 3477 att
723 3443 752 3476 ex
765 3425 869 3478 vetustis
878 3425 1007 3479 codicibus
1020 3429 1123 3488 ductum
1132 3431 1166 3484 sit

91 3521 118 3572 id
132 3516 203 3589 quod
215 3513 283 3567 illius
294 3511 371 3566 editio
383 3509 489 3564 exhibet.
502 3511 533 3562 ln
543 3507 638 3560 eisdem
649 3508 723 3561 Notis
737 3508 782 3574 (ed
793 3508 872 3582 Epist.
884 3511 973 3578 evm)
985 3531 1063 3583 quum
1076 3507 1167 3570 meini-

92 3603 172 3656 nisset
183 3598 276 3652 vetusti
293 3597 401 3660 codicis,
414 3614 427 3647 e
440 3593 526 3648 Sicilie
544 3605 602 3646 tunc
619 3591 727 3648 maxime
743 3592 775 3644 ed
793 3612 818 3645 sc
832 3593 921 3654 deleti,
939 3614 1168 3670 quumquepeuces

92 3708 121 3740 es
133 3685 181 3737 illo
192 3681 315 3735 lectiones
330 3679 540 3742 commendasset,
554 3696 612 3728 mox
629 3675 728 3729 nullum
745 3674 853 3750 emplius
865 3675 969 3729 verbum
982 3699 1011 3732 ex
1021 3680 1110 3738 eodem
1121 3703 1169 3736 re·-

93 3769 168 3832 tulit,
181 3779 210 3819 ut
220 3785 320 3840 prorsus
335 3761 471 3838 seposuisse
485 3761 559 3814 illum
576 3757 687 3826 libtum,
701 3779 783 3834 neque
796 3781 869 3833 porro
882 3761 1032 3833 inspexisse,
1045 3763 1169 3819 videatur.

126 3856 140 3884 ²
152 3851 281 3904 Pincioni
294 3849 484 3916 Castigationes
492 3843 601 3918 primum
614 3881 621 3910 ,
637 3845 663 3896 ni
676 3844 750 3896 lellor
760 3879 768 3908 ,
780 3844 808 3896 in
819 3844 900 3896 lucem
913 3845 1010 3898 emisse
1022 3860 1093 3899 erant
1102 3847 1129 3904 in
1140 3867 1170 3900 ee

93 3937 212 4009 Operum
226 3933 330 3986 Senecae
346 3930 472 3991 editione,
491 3948 547 4001 quae
563 3931 678 3983 Venetit's
695 3949 765 3981 anno
775 3929 934 3982 MDXXX
933 3929 965 3980 V
960 3930 982 3982 Ι
994 3930 1101 4002 prodiit:
1111 3946 1170 4003 ques

93 4019 161 4071 mihi
178 4035 311 4088 nunqnam
325 4015 378 4068 vise
395 4027 438 4067 est.
452 4012 592 4067 Exhibebat
607 4025 692 4065 antem
710 4031 740 4064 et
759 4011 836 4066 editio
856 4024 998 4066 contextum
1013 4014 1046 4066 ab
1064 4013 1170 4068 Erasmo

94 4103 274 4165 constitutum,
281 4100 313 4152 acl
321 4119 396 4172 quem
405 4097 575 4152 referebantur
586 4099 776 4166 Castigntebnes
784 4097 845 4162 illoe,
854 4096 870 4148 i.
878 4118 900 4149 e.
907 4096 1103 4153 Emendationes
1111 4116 1170 4150 cum

94 4209 124 4241 ex
136 4187 222 4240 mestis
233 4185 320 4250 libris,
333 4198 386 4238 tum
398 4205 426 4237 ex
435 4182 539 4256 ingenio
548 4220 556 4247 ,
566 4181 634 4254 quod
644 4192 744 4234 eentum
756 4193 781 4231 et
791 4199 881 4253 seges,
892 4199 974 4252 neque
986 4199 1016 4231 eo
1027 4179 1111 4232 minus
1118 4200 1172 4234 sno·

93 4272 196 4324 destum
208 4267 337 4322 Pinetum
347 4265 440 4333 ineest,
452 4263 592 4340 proposita.
604 4263 657 4317 Nee
669 4281 728 4316 vero
740 4262 847 4316 ll'e'colos‘
861 4260 946 4314 Fodm
953 4264 1072 4332 primam
1081 4262 1171 4318 edile'o·
