2975 4992
315 385 360 452 28
584 378 616 448 J.
641 375 1125 453 SCHWEIGHAEUSERI

312 544 405 608 qnam
414 525 539 608 prinum
556 543 623 586 esse
639 525 779 590 Venetam
801 522 877 586 mihi
896 525 1049 608 persuasi·
1062 550 1070 596 t
1092 524 1176 607 enjus
1196 523 1235 585 ad
1247 519 1395 607 pestem

314 645 421 716 ptum,
435 630 549 713 absque
567 629 631 692 ulia
645 633 750 712 (quam
765 630 890 712 quidem
900 630 1142 710 observaverim)
1155 627 1326 692 mutatione
1337 647 1397 688 ex-

314 757 420 822 pressa
434 749 479 799 est
490 738 580 798 odoro
593 735 717 810 Veneto,
730 757 796 818 (pm
810 738 899 822 vulgo
915 737 1015 821 prima
1025 736 1133 800 haberi
1146 735 1238 807 solet,
1250 753 1313 816 qua
1324 753 1398 793 usus

278 865 282 875 ·
315 865 382 912 esse
395 841 542 907 Erasmus
563 842 689 921 videtur,
714 864 808 926 quum
829 844 990 906 adornaret
1007 863 1102 908 suam.
1117 840 1160 905 Et
1173 839 1296 924 quidem
1313 839 1400 901 hand

316 952 456 1035 exigrsam
469 963 588 1034 partem
602 970 707 1012 earnm
719 948 902 1028 lectionum,
919 969 984 1032 quse
996 953 1077 1036 apud
1092 948 1257 1012 Erasmum
1275 948 1397 1012 disere·

316 1072 423 1142 pantes
436 1078 455 1120 a
467 1054 610 1118 Romano
628 1056 769 1140 exemplo
783 1056 984 1138 reperiuntur,
998 1079 1033 1120 ex
1054 1056 1119 1140 ipsa
1137 1054 1189 1117 iila
1205 1053 1313 1139 priore
1326 1051 1400 1114 Ve-

215 1215 220 1230 .
317 1178 388 1229 neta
404 1162 534 1226 editione
554 1167 738 1246 propagatas
755 1183 821 1226 esse
836 1163 1020 1247 deprehendi
1038 1185 1046 1223 ι
1069 1181 1198 1244 quarum
1217 1161 1398 1222 innumero

319 1272 423 1357 prohse
441 1284 509 1334 sont
529 1271 652 1348 multae,
672 1292 710 1334 ex
733 1272 940 1356 manuscripto
957 1271 1059 1352 stiqoo
1080 1269 1186 1334 codice
1202 1268 1283 1330 haud
1301 1265 1398 1329 dubie

319 1382 428 1452 ductae,
449 1378 501 1461 qni
520 1398 540 1443 a
557 1376 678 1441 Veneto
698 1377 812 1439 editore
835 1390 913 1440 esset
931 1375 1099 1447 adhibitum
1124 1375 1190 1438 alise
1209 1393 1282 1438 vero
1301 1371 1400 1435 etiam

320 1499 428 1569 praeter
441 1485 591 1547 rationem
606 1483 647 1544 ah
665 1486 773 1546 eodem
791 1496 935 1568 reoepoe,
958 1481 1198 1544 nononilreitem
1213 1479 1347 1542 tortasse
1363 1495 1400 1538 ex

320 1611 426 1652 errore
437 1588 617 1678 typographi
630 1603 718 1652 natae.

363 1698 567 1759 Ernsntionom
583 1716 655 1759 vero
667 1696 817 1758 editionem
829 1715 892 1758 non
905 1697 997 1759 modo
1011 1698 1136 1780 pnitrem
1151 1693 1236 1756 iliam
1248 1689 1378 1755 adhibui
1391 1733 1401 1765 ,

323 1826 399 1865 anno
415 1819 525 1874 uoxv,
551 1802 751 1887 impressam,
769 1823 833 1885 qun
845 1823 864 1865 a
875 1800 1003 1866 Venetae
1022 1801 1161 1865 editionis
1179 1797 1323 1882 exempto
1347 1811 1404 1858 ra·

258 1975 267 1988 ‚
323 1911 386 1971 rius
408 1910 605 1982 discesseratt
627 1911 682 1972 sed
701 1912 821 1972 atteram
843 1907 1121 1992 potissimumssti
1138 1927 1195 1992 par
1215 1917 1300 1980 erat,
1325 1919 1404 1966 eon-

324 2027 436 2076 stanter
455 2013 612 2092 consului,
637 2036 702 2094 queo
725 2036 803 2078 anno
819 2029 964 2092 unxxtx,
988 2013 1119 2098 prodiit,
1143 2035 1197 2094 per
1219 2009 1403 2073 Dessiim'um

326 2122 480 2182 &osmunt
495 2125 553 2201 (ot
575 2121 676 2185 titulus
695 2122 840 2206 praeiert)
853 2120 961 2198 enfide
976 2133 1098 2186 omium
1116 2119 1268 2191 Gooi'cton¹
1287 2127 1351 2178 tum
1366 2137 1405 2176 eo

323 2228 450 2310 probatis
471 2229 633 2302 moritus,
646 2239 784 2310 munem
801 2231 903 2308 sopori
918 2247 1119 2310 nonnusquam
1138 2225 1332 2296 divinatione,
1359 2222 1404 2281 sic

327 2334 495 2412 emendato,
511 2347 542 2396 ut
562 2337 661 2398 merito
680 2339 802 2416 priorem
826 2335 994 2410 editionem,
1018 2335 1080 2417 ipso
1096 2333 1213 2395 absente
1227 2340 1403 2413 pernotum,

328 2443 400 2502 nolit
412 2441 512 2502 taten·
521 2463 575 2524 pro
586 2463 649 2502 suo.
665 2439 736 2522 Qua
749 2441 781 2502 in
793 2441 939 2517 editione,
955 2453 1064 2525 proeter
1079 2440 1178 2524 ipsum
1191 2435 1405 2522 Epistolarom

329 2559 500 2608 contextum
513 2547 610 2628 qualis
627 2546 668 2609 ah
686 2544 819 2612 Erasmo
835 2548 1011 2612 constitutus
1027 2558 1092 2631 est,
1113 2543 1303 2608 consulendae
1313 2539 1407 2603 nohis

331 2666 361 2714 et
373 2655 590 2737 perpendende
599 2653 721 2716 inerunt
727 2652 837 2716 breves
845 2653 1067 2728 Adnotatum,
1078 2671 1142 2734 qme
1156 2649 1268 2734 partim
1278 2646 1407 2732 singuiis

331 2757 540 2843 Epistularum
556 2757 659 2822 Libris
672 2761 763 2843 (quos
774 2775 843 2822 xxtt
863 2761 904 2821 ah
917 2758 1055 2824 Erssmo
1063 2758 1219 2820 numerari
1234 2776 1325 2840 snpra
1341 2774 1411 2816 me·

332 2866 470 2951 moravi)
490 2867 629 2950 subjectae
648 2881 732 2946 eunt,
754 2869 866 2952 pertint
887 2867 918 2929 in
943 2869 1136 2951 Appendieem
1153 2865 1205 2948 (p.
1226 2859 1308 2940 nos,
1325 2861 1409 2943 sqq.)

367 3149 375 3180 ¹
390 3145 494 3200 Vetusta
505 3144 548 3199 illa
561 3145 648 3209 editio,
656 3146 718 3200 anni
729 3145 830 3219 locique
840 3159 865 3202 et
874 3147 1024 3222 typographi
1034 3145 1132 3201 indicio
1142 3161 1239 3209 cerens,
1249 3139 1311 3196 solis
1320 3152 1406 3194 autent

334 3230 385 3286 anis
396 3231 509 3284 numeris
521 3245 606 3284 notata
617 3231 749 3285 continens
763 3245 882 3298 ccxxxv,
896 3233 1013 3285 Venetiis
1024 3231 1095 3284 haud
1106 3228 1183 3283 duhie
1195 3246 1307 3300 expressa
1317 3237 1369 3288 est,
1383 3235 1408 3276 et

335 3316 439 3385 quidem
452 3327 509 3370 ante
523 3315 609 3381 iliam,
625 3334 684 3388 quet
696 3317 771 3390 paulo
790 3317 928 3370 minutiore
947 3315 1088 3370 characters
1105 3315 1194 3369 eadem
1212 3313 1240 3365 in
1260 3307 1323 3364 urbe
1335 3325 1408 3360 anno

334 3399 493 3455 dccccx
495 3400 557 3454 CII
559 3420 608 3469 per
617 3401 814 3456 Bernordinum
832 3403 865 3456 de
881 3401 954 3456 Coris
969 3403 1002 3454 de
1016 3399 1143 3453 Gemnno
1157 3416 1245 3453 excuss
1262 3405 1313 3459 est,
1327 3391 1407 3446 ioiiis·

336 3505 386 3557 que
398 3497 482 3537 ccvtu
492 3486 643 3540 continetur.
655 3486 733 3555 Quod
743 3499 828 3540 entem
840 3486 909 3558 prior
918 3485 962 3540 itt·
970 3523 981 3549 ,
989 3484 1144 3557 quamdiu,
1157 3484 1184 3538 in
1196 3479 1301 3536 Posteri
1312 3472 1409 3530 Annei·

248 3599 251 3604 ·
336 3567 550 3642 T5P051·T·1V‚
562 3589 587 3640 p·
599 3568 661 3634 ido,
673 3569 739 3622 oues
751 3589 847 3622 annum
863 3569 941 3642 1498,
953 3587 1042 3624 extusa
1053 3565 1231 3640 perhibentur,
1245 3561 1272 3616 id
1285 3557 1346 3615 inde
1359 3558 1411 3610 iee-

337 3665 392 3704 tuns
402 3649 517 3714 videtur,
531 3651 601 3722 quod
612 3652 641 3706 in
652 3652 742 3706 eodem
755 3651 902 3718 volumine,
917 3672 948 3706 ex
960 3651 1031 3725 eujus
1042 3647 1197 3724 inspectione
1210 3647 1285 3700 dueta
1295 3641 1412 3718 iltsron·

337 3737 431 3811 jeetura
440 3749 477 3788 est
486 3736 720 3807 (quemadmodum
731 3750 757 3792 nt
767 3737 794 3790 in
807 3757 837 3790 eo
852 3737 982 3790 volumine
991 3774 1000 3802 ,
1010 3736 1080 3808 quod
1097 3733 1216 3807 equidem
1227 3747 1279 3806 prte
1294 3725 1413 3782 munibut

338 3822 434 3889 haheo)
453 3819 530 3874 simul
544 3835 680 3896 comperte
694 3822 801 3876 inissent
820 3821 967 3892 Trogoedioe
981 3823 1078 3876 Seneeoe
1088 3837 1148 3896 eom
1166 3819 1269 3872 duodus
1281 3829 1414 3869 eomnsen·

339 3910 432 3970 toriis,
445 3917 492 3957 ete.
509 3904 635 3978 impresse
651 3907 770 3959 Vettett'is
787 3925 857 3958 anno
867 3903 1026 3960 MCCCCX
1027 3903 1137 3958 CVIII
1150 3901 1256 3972 pet-1⁰.
1275 3898 1416 3952 Tridimm

340 3995 373 4045 de
382 3993 478 4046 Cirreto
485 4031 493 4058 ‚
501 3995 574 4043 otios
584 3990 739 4044 Toeus'num.
747 3991 764 4044 J
766 4009 807 4043 am
819 3990 942 4060 quonism
953 3990 1057 4054 aiterstn
1068 3989 1205 4044 editionem
1217 3988 1344 4040 Venetam
1353 3999 1412 4035 enm

339 4075 423 4150 priore
434 4074 478 4127 illa
487 4085 630 4130 constanter
640 4075 841 4130 consentientem
846 4073 944 4146 repeti,
954 4074 982 4126 in
992 4073 1067 4128 Notis
1079 4073 1169 4128 nostris
1180 4069 1273 4125 criticis
1280 4080 1414 4136 utramque

340 4180 386 4233 pro
400 4179 453 4212 una
469 4159 563 4228 hebui,
576 4172 601 4214 et
615 4159 686 4214 hreri
701 4159 753 4213 hoc
765 4159 880 4213 indiculo
902 4161 967 4213 Ven.
981 4157 1023 4211 vei
1041 4159 1081 4212 ed.
1097 4159 1165 4212 Ven·
1177 4153 1310 4228 insigniri.
1325 4147 1413 4207 Sicubi

341 4265 402 4299 vero
412 4244 587 4302 dissentientes
597 4264 727 4318 reperero,
738 4243 775 4297 ihi
785 4244 863 4298 altera
874 4243 947 4299 nobis
959 4243 1000 4297 ed.
1017 4243 1081 4296 Ven.
1094 4261 1104 4295 ι
1116 4277 1124 4308 ,
1137 4240 1201 4306 erit,
1214 4239 1293 4294 sitsra
1302 4238 1368 4291 Vere.
1378 4253 1402 4288 s.
