2975 4992
357 485 425 554 606
661 479 702 547 L.
728 476 906 553 ANNAEI
928 477 1165 564 SENECAE·

358 611 492 693 scribo,
513 611 585 702 jam
614 609 806 703 proclirus¹
836 609 872 674 in
889 605 1019 675 lulium
1035 633 1044 675 ς
1060 606 1180 678 endem
1202 606 1261 677 die
1279 610 1351 678 ridi
1371 612 1415 679 lo·

339 704 436 797 vbutu
459 741 646 808 metentes,
667 725 799 794 milium
817 729 1005 792 serentcs².

305 873 335 928 ‚5
407 847 462 918 Ad
478 848 640 918 olivetum
659 863 825 932 revertor,
845 845 937 938 quod
954 845 1024 914 ridi
1046 845 1180 914 duobus
1195 846 1306 914 modis
1322 844 1417 940 depo

359 968 461 1035 situm
473 960 499 1033 ³.
521 969 722 1060 Magnarum
746 965 907 1032 arborum
925 979 1083 1048 truncos,
1103 963 1314 1032 circumcisis
1328 966 1420 1031 ramis

278 1097 283 1113 ‘
359 1101 394 1154 et
414 1083 458 1152 ad
476 1107 581 1152 unum
601 1082 749 1152 redactis
769 1079 914 1174 podem,
936 1104 1013 1148 cnm
1031 1103 1115 1173 rapo
1134 1076 1219 1149 sno⁴
1235 1081 1419 1163 transtulit,

359 1199 539 1292 amputatis
558 1197 752 1277 radicibus,
774 1195 893 1264 relicto
913 1210 1042 1262 tantum
1059 1196 1169 1288 capite
1189 1195 1285 1287 ipso,
1304 1219 1346 1262 ex
1360 1220 1422 1287 quo

360 1315 427 1382 illae
438 1313 683 1408 pependerunt.
700 1317 772 1382 Hoc
785 1313 866 1382 fimo
881 1305 1044 1380 tinctum⁵
1058 1313 1095 1380 in
1108 1311 1262 1380 scrobem
1277 1313 1423 1394 demisi13

361 1429 486 1498 deinde
495 1447 620 1499 terram
631 1453 699 1498 non
708 1424 858 1524 aggessit
869 1443 1018 1512 tantum,
1030 1428 1089 1496 sed
1101 1428 1423 1522 calcavitctpoessit.

307 1580 334 1628 ¹7
360 1548 470 1640 Negat
483 1547 667 1638 quidquam
682 1570 755 1614 csse
767 1544 850 1626 hac,
867 1559 905 1611 nt
916 1544 984 1627 ait,
1003 1535 1227 1636 spissationc⁶
1238 1544 1425 1622 efficacins3

361 1660 521 1731 videlicet
535 1662 642 1754 frigus
659 1661 809 1729 excludit
826 1677 861 1728 ct
875 1675 1011 1726 ventum
1030 1686 1038 1724 :
1055 1659 1166 1726 minus
1181 1669 1350 1752 prae'tcres
1363 1683 1428 1724 mo-

359 1791 480 1864 vetur3
508 1790 542 1843 et
566 1776 610 1843 ab
635 1776 700 1843 hoc
721 1790 898 1842 nascentes
924 1771 1055 1839 radices
1073 1771 1213 1864 prodire
1229 1773 1373 1864 patitur,
1391 1797 1428 1838 ae

361 1891 467 1960 solum
493 1889 771 1983 apprehendere,
799 1914 885 1982 quas
903 1911 1040 1957 necesse
1064 1904 1114 1956 est
1138 1912 1257 1956 cereas
1278 1887 1425 1968 'adbuc‚

397 2150 416 2186 ι.
427 2131 570 2184 Procttvus.
583 2131 631 2183 Ed.
640 2131 676 2181 Α.
686 2150 818 2202 rursusque
829 2133 868 2183 ed.
919 2151 1008 2202 parum
1017 2131 1082 2184 felix.
1092 2131 1202 2200 Rapum
1215 2134 1426 2186 eommodsintel-

361 2209 426 2261 Ven.
436 2221 459 2260 et
468 2227 536 2278 seqq.
547 2228 592 2260 nec
604 2205 673 2259 uliud
685 2227 713 2258 cx
724 2207 804 2259 msstis
813 2227 871 2280 pro·
918 2207 1011 2279 ligetur
1018 2208 1175 2270 tuberillud‚
1186 2211 1257 2280 quod
1268 2211 1295 2262 in
1306 2212 1358 2263 imo
1368 2233 1429 2264 ran-

361 2287 439 2340 latum
457 2286 532 2338 video
547 2305 554 2340 t
572 2299 657 2338 noster
672 2298 757 2336 tamen
772 2285 832 2355 Arg.
848 2305 870 2337 c.
920 2287 974 2338 dire
983 2306 1036 2338 esse
1045 2287 1121 2349 solet,
1133 2308 1208 2359 equo
1220 2289 1322 2341 radices
1330 2305 1424 2342 exeunt:

359 2367 480 2435 proclivis
492 2363 575 2416 babet.
588 2365 720 2436 perperam
734 2365 870 2432 proclivius
919 2376 1003 2432 estque
1022 2363 1047 2416 id
1069 2364 1163 2430 ipsum,
1185 2365 1257 2436 quod
1278 2387 1339 2419 mor
1354 2381 1430 2434 capnt

363 2443 403 2496 ed.
415 2443 448 2496 R.
460 2439 541 2494 Sctw.
918 2444 1015 2494 iudicis
1032 2441 1093 2494 dicit
1111 2441 1216 2497 Seneca.
1235 2445 1314 2498 Conl'.
1332 2460 1384 2498 not.
1398 2447 1429 2498 ad

395 2539 417 2572 a.
436 2517 543 2571 Mirtum
557 2528 674 2570 serentes.
687 2516 868 2568 Defensionem
919 2519 933 2590 S
950 2520 1078 2590 19.Sclrw.

361 2611 447 2652 contra
465 2597 569 2650 Senecte
586 2596 807 2668 reprehensionem
819 2596 869 2648 de·
951 2601 974 2649 5.
987 2596 1065 2650 Fimo
1077 2605 1188 2652 tinctum.
1200 2601 1330 2654 Gronovii
1342 2625 1426 2656 emcn-

361 2677 452 2729 derunt
461 2675 567 2745 interpp.
580 2672 700 2744 Virgilii,
714 2673 760 2743 qui
769 2674 869 2737 docent,
919 2675 1046 2728 dationem
1060 2685 1155 2731 tactum
1167 2679 1266 2750 recepit
1277 2680 1362 2733 Rubk.
1374 2683 1430 2733 Νο-

360 2754 498 2827 Virgilium
510 2753 537 2804 in
549 2751 612 2806 taba
622 2753 718 2805 satione
726 2774 770 2826 per
777 2773 821 2805 ver
833 2753 869 2804 ri·
918 2753 957 2803 bis
965 2753 1096 2804 serendum
1104 2754 1236 2826 vulgatum
1246 2757 1329 2808 visum
1336 2774 1397 2823 erat,
1405 2761 1430 2810 in

361 2845 415 2886 tum
434 2829 634 2902 circumpadana
655 2829 733 2882 ltaliae
757 2842 869 2894 secutum
919 2829 988 2901 quod
1000 2829 1058 2882 libri
1071 2835 1342 2887 ornnesconsentiunt.
1352 2835 1431 2889 Schw.

361 2931 432 2974 esse,
454 2930 501 2962 nec
528 2907 653 2960 rncdieam
677 2911 808 2975 (nostrum
827 2911 870 2960 lu·
918 2909 1095 2961 -Sicautem
1105 2909 1432 2968 Rubbdesendittactum.

361 2991 451 3054 seme)
466 2987 548 3040 solum
568 2987 655 3040 eodem
676 3000 789 3058 tempore
805 2986 869 3052 seri,
924 2987 1272 3058 Tangereenim‚ait,inbae
1282 2993 1432 3046 resolemne

360 3067 403 3120 sed
418 3066 516 3118 milium
529 3087 632 3137 quoqne
643 3079 741 3130 aestate,
753 3066 836 3117 bieme
847 3077 872 3118 rt
920 3077 972 3130 est,
992 3065 1058 3136 apud
1075 3066 1144 3119 Plio.
1164 3082 1190 3119 et
1206 3071 1339 3142 scriptores
1359 3073 1391 3122 de
1409 3095 1433 3124 re

361 3164 427 3197 vere.
443 3143 532 3197 ttuttr.
920 3157 980 3196 rust.
994 3144 1095 3218 Tingo,
1112 3148 1195 3211 τίῃυ,
1211 3167 1314 3200 sensum
1326 3152 1434 3201 auctoris

393 3221 418 3272 3.
427 3221 594 3290 Depositum.
603 3221 639 3272 Ex
650 3218 776 3272 Gronovii
786 3238 872 3270 emen·
921 3239 975 3272 non
985 3216 1043 3272 satis
1052 3221 1174 3293 exprimit.
1185 3223 1311 3276 Caeterum
1325 3229 1433 3292 tingere.

361 3301 462 3355 datione
477 3301 573 3369 recepit
588 3300 672 3353 ttuhk.
685 3313 710 3352 et
726 3299 870 3350 nostenui⁴
920 3310 1036 3369 tongere,
1056 3304 1177 3358 tinctum,
1195 3307 1311 3363 tuctrsm,
1330 3304 1378 3354 etsi
1392 3305 1435 3354 di-

362 3397 425 3430 mus.
442 3376 550 3430 Videtur
568 3389 652 3430 tamen
668 3376 773 3429 forsitan
792 3374 873 3429 teneri
921 3397 999 3431 versoe
1012 3375 1203 3450 significationis
1214 3393 1291 3452 atque
1308 3383 1434 3456 originis,

361 3453 475 3506 debuisse
484 3453 616 3528 vulgatum
625 3453 873 3524 dispositum,quod
922 3468 1007 3507 tamen
1026 3476 1041 3507 a
1061 3455 1168 3509 librariis
1197 3458 1326 3511 conlundi
1347 3463 1436 3513 solent

362 3532 444 3604 ipsum
457 3531 561 3585 verbum
573 3534 662 3586 eadem
675 3533 778 3584 notione
791 3544 873 3582 trans·
922 3531 1034 3585 Proinde
1052 3534 1149 3607 recepi,
1164 3532 1300 3588 silentibus
1318 3537 1438 3588 omnibus

361 3609 479 3674 terendi,
497 3609 694 3684 transplantandi
713 3609 782 3661 baud
795 3607 873 3661 semel
922 3635 980 3668 mss,
993 3615 1059 3667 Rem
1072 3614 1189 3688 exprimit
1201 3615 1351 3670 Columella
1360 3621 1395 3684 V,
1407 3619 1435 3673 ὃς

362 3690 428 3766 apud
449 3687 617 3743 Columellam
639 3689 760 3752 occurrit;
783 3701 812 3740 ut
828 3687 872 3739 lib.
922 3690 990 3744 Plin.
1001 3691 1090 3756 XVII,
1108 3711 1143 3744 tr.

361 3767 397 3820 xl
404 3805 412 3832 ,
424 3787 477 3842 cap.
490 3765 517 3829 3,
526 3786 589 3839 pag.
600 3767 649 3832 454
658 3807 665 3834 ‚
675 3765 738 3833 455,
748 3767 797 3834 457
807 3803 815 3832 ‚
826 3779 872 3818 ete.
955 3770 979 3822 6.
996 3767 1071 3831 Hac,
1090 3779 1119 3821 ut
1135 3772 1190 3836 att,
1211 3775 1387 3839 spissntr'ooe.
1406 3775 1438 3826 lta

362 3845 403 3899 ed.
416 3845 517 3918 Bipont·
533 3843 614 3898 Scito.
867 3909 871 3916 ‚
922 3848 1019 3920 aliquot
1029 3849 1122 3922 scripti.
1134 3850 1250 3902 Muretus
1261 3863 1352 3904 tamen
1363 3865 1387 3904 et
1400 3874 1438 3904 as·

395 3924 418 3990 ⁴.
427 3923 492 3974 Cmn
499 3942 564 3990 rupo
574 3918 743 3973 suo.llestitui
753 3931 871 3971 constan·
919 3927 992 3980 χρὴ
1004 3966 1011 3992 ‚
1021 3929 1165 3994 pisatione,
1186 3929 1259 3999 quasi
1269 3933 1437 3997 pinam,

362 4009 415 4053 lem
437 4011 549 4052 veterum
568 3998 691 4051 librorum
713 3997 871 4070 scripturam.
920 4005 989 4077 quod
1003 4005 1089 4057 miror,
1100 4007 1161 4057 Non
1173 4006 1243 4058 enim
1256 4009 1437 4079 ἂηὶὸγοςρίιμ

363 4076 442 4146 Quod
462 4076 540 4150 vulgo
560 4075 695 4140 edebatur,
716 4094 776 4128 cum
793 4095 872 4144 scapo
921 4081 1321 4156 satioaps'nsmNulqataquid
1329 4085 1437 4138 clarius?

362 4177 421 4220 suo,
436 4157 529 4210 Mureti
539 4157 672 4212 inventum
684 4168 749 4221 erat,
763 4176 810 4208 nec
821 4176 873 4208 ne-
926 4158 998 4228 lips.

363 4236 496 4290 cessarium
509 4235 572 4290 illud
588 4236 636 4290 boc
655 4237 726 4300 loeo,
747 4248 771 4288 et
784 4256 829 4309 per
846 4255 872 4288 se
958 4257 981 4304 7·
1001 4237 1095 4290 Cereos
1113 4237 1208 4292 adbuc.
1229 4240 1321 4313 Vulgo
1340 4253 1436 4292 teneras
