2975 4992
393 469 667 540 EPISTOLA
689 469 881 538 LXXXI.
1110 475 1174 540 551

103 615 152 668 tas
170 615 274 692 urget
287 605 312 667 ¹.
331 601 456 680 Nemo,
475 601 505 668 si
517 601 671 694 ingratus
688 616 762 683 est,
780 624 848 670 non
865 601 967 668 miser
980 601 1066 669 erit²
1086 625 1181 668 :non

101 715 227 786 differo
244 716 362 800 illum,
382 718 491 784 statim
510 718 694 786 miserest.
716 719 836 810 Itaque
854 718 981 810 ingrati
1000 741 1074 786 esse
1089 719 1180 786 vite·

101 857 194 917 mus,
214 859 283 902 non
298 834 411 904 aliena
424 857 541 916 causa,
559 833 619 902 sed
631 849 759 904 nostra.
775 834 955 903 Minimum
970 854 1011 903 ex
1024 836 1179 926 nequitia
1204 859 1236 892 π

100 947 383 1040 levissimumque
399 946 443 1014 ad
458 946 542 1016 alios
556 946 743 1034 redundat,
765 947 859 1039 quod
871 949 1052 1041 pessimum
1066 973 1106 1017 ex
1118 949 1178 1016 illa

100 1075 174 1144 est,
198 1076 236 1128 et
257 1059 313 1151 (ut
330 1060 378 1128 ita
394 1057 520 1150 dicam)
538 1052 818 1153 spississimum³,
837 1061 927 1130 domi
954 1076 1122 1147 remanet,
1143 1076 1178 1131 et

100 1184 232 1275 premit
244 1182 426 1252 habentem
444 1209 452 1250 ι
469 1181 753 1274 quemadmodum
769 1179 919 1252 Attalus‘
934 1202 1047 1254 noster
1061 1185 1177 1256 dicere

102 1296 237 1366 solebat
258 1324 266 1365 ε
287 1291 445 1368 «Malitia
462 1301 534 1392 ipsa
551 1300 727 1368 maximam
741 1315 872 1393 partem
885 1301 1009 1368 veneni
1026 1295 1103 1370 sui⁵
1118 1300 1176 1368 bi-

101 1415 165 1482 bit.
186 1441 207 1479 »
227 1413 319 1484 Illud
335 1438 523 1499 venenum,
543 1413 636 1506 quod
652 1431 827 1508 serpentes
841 1418 878 1484 in
897 1416 1042 1484 alienam
1057 1416 1179 1509 perni-

93 1532 192 1600 'ciem
223 1530 422 1625 proferunt,
450 1531 524 1600 sine
550 1555 610 1600 sua
634 1527 829 1613 continent,
860 1555 930 1600 non
958 1535 1016 1601 est'
1030 1531 1114 1600 h'uio
1131 1533 1179 1600 si·

102 1651 207 1736 mile,
232 1651 321 1734 hoo,
341 1648 549 1736 habentibus
565 1651 749 1742 pessimum
766 1667 829 1718 est.
852 1655 1007 1744 Torquet
1023 1652 1188 1746 ingratus
1204 1684 1235 1717 υ
1290 1672 1295 1680 ¹

102 1793 153 1850 se,
164 1784 215 1836 et
231 1783 400 1854 macerat3
419 1767 491 1838 odit
507 1792 583 1859 quae
601 1769 755 1862 aceepit,
781 1770 861 1860 quia
886 1767 1083 1837 redditurus
1099 1786 1172 1851 est,

101 1900 136 1953 et
150 1909 192 1952 ex
199 1901 332 1972 tenuat,
351 1885 494 1978 injurias
510 1907 591 1953 vero
611 1882 727 1954 dilatat
747 1898 850 1976 atque
864 1900 979 1978 anget.
998 1884 1095 1976 Quid
1108 1910 1176 1954 au-

102 2021 169 2071 tem
194 2025 237 2071 eo
262 2001 439 2083 miserius,
464 2002 520 2070 eui
545 1999 712 2069 beneficia
731 2000 913 2084 excidunt,
934 2000 1066 2070 baerent
1084 2002 1176 2094 inju-

102 2122 193 2188 riae?
212 2119 257 2188 At
278 2133 394 2187 contra
421 2119 593 2211 Sapientia
618 2133 758 2186 exornat
784 2141 884 2185 omne
905 2117 1110 2186 beneficium
1129 2141 1172 2188 ao

103 2235 260 2329 sibiipsa
279 2233 510 2318 commendat,
527 2250 561 2302 et
575 2258 611 2302 se
622 2233 758 2302 assidua
770 2234 845 2326 ejus
857 2236 1175 2302 commemoratione

103 2351 264 2420 delectat.
285 2350 386 2420 Malis
410 2374 479 2420 una
503 2350 658 2443 voluptas
682 2365 753 2436 est,
775 2366 810 2418 et
835 2349 905 2420 brec
930 2351 1066 2437 brevis,
1093 2352 1175 2420 dum

101 2469 279 2561 accipiunt
290 2465 475 2555 beneficia3
495 2466 673 2558 exquibus
690 2467 843 2559 Sapienti
855 2467 995 2561 longum
1011 2468 1174 2562 gaudium

103 2601 220 2651 manet
244 2607 284 2652 ac
306 2607 472 2678 perenne.
494 2585 572 2652 Non
590 2583 681 2650 enim
700 2583 797 2651 illum
814 2586 974 2673 occipere,
998 2583 1061 2652 sed
1076 2608 1173 2665 occe-
1199 2600 1238 2653 ιλ

99 2703 190 2788 pisse
202 2697 366 2786 delectat3
384 2699 478 2792 quod
495 2699 682 2768 immortale
695 2716 747 2784 est
768 2715 802 2768 et
813 2699 997 2768 assiduum.
1014 2701 1077 2769 Illa
1096 2725 1176 2770 eon·

102 2818 255 2898 temnit,
279 2815 403 2908 quibus
427 2816 524 2886 lasus
545 2830 616 2902 est,
642 2839 706 2884 neo
732 2817 945 2886 obliviscitur
965 2841 1029 2910 per
1057 2819 1174 2912 negli-

102 2935 272 3025 gentiam,
295 2933 355 3001 sed
373 2933 503 3001 volens.
535 2935 613 3002 Non
634 2933 740 3002 vertit
764 2935 876 3002 omnia
902 2935 939 3001 in
963 2934 1082 3027 pejus,
1108 2959 1176 3005 nec

103 3145 142 3178 me
161 3127 248 3200 ipsum
270 3123 378 3178 traberet
396 3126 424 3178 in
441 3124 612 3194 suspicionem
660 3125 990 3194 cianuspessissimumtst
1001 3127 1172 3200 itauaequiv

102 3203 195 3278 ingrati
210 3205 298 3258 animi.
661 3203 718 3254 dsm
725 3201 795 3256 libri.
803 3205 899 3257 Tamen
909 3225 963 3258 non
971 3217 1118 3260 mutem:at
1125 3228 1171 3262 cut

137 3280 557 3352 t·1ry'elicitasurgel.llisrerbis
568 3279 612 3332 de-
660 3279 738 3354 igitur
755 3282 873 3353 prelatur
889 3293 919 3334 ut
932 3285 971 3334 ito
989 3284 1101 3338 ditem?
1116 3305 1172 3340 non

102 3361 162 3414 sinit
172 3360 284 3434 optimus
296 3360 446 3414 nosterrod.
458 3361 525 3428 Arg.
535 3358 560 3411 b.
570 3356 600 3411 S.
661 3360 720 3431 quio
728 3379 777 3414 vox
786 3360 913 3428 inusitata,
921 3361 966 3414 sed
974 3362 1034 3431 quia
1041 3362 1170 3434 metapho-

136 3441 221 3496 2Non
228 3443 310 3493 miser
315 3440 422 3494 err't.Pro
430 3439 477 3492 bat
483 3437 609 3510 vulgleet.
660 3457 687 3490 rs
699 3439 817 3492 audacior
829 3439 911 3491 videri
923 3439 1009 3510 possit.
1019 3439 1093 3510 Lapa.

103 3518 436 3582 schwoefibitmtsereru,
445 3516 610 3570 omissonon:
691 3519 715 3582 4.
727 3518 845 3570 Artatus,
860 3516 899 3568 Cf.
911 3516 942 3568 de
954 3516 1004 3570 boe
1016 3517 1103 3572 Stoico
1119 3539 1169 3572 eo·

102 3619 115 3643 s
130 3596 195 3662 Qut
215 3596 334 3669 negativa
347 3595 492 3668 particulo,
504 3593 608 3666 inquit,
659 3596 767 3666 demque
780 3608 931 3667 preceptore
944 3594 1049 3648 Senecae
1067 3595 1099 3648 sd
1118 3598 1168 3668 Ep.

100 3673 213 3746 imperite
227 3674 321 3727 inserts
332 3674 363 3726 ab
375 3673 427 3736 bis,
443 3672 486 3745 qni
499 3693 551 3726 non
564 3671 609 3724 vi·
658 3676 712 3739 lx,
735 3678 760 3728 5.
770 3672 882 3726 Fabricii
897 3673 965 3726 Bibl.
977 3673 1023 3726 Gr.
1037 3674 1094 3728 vot.
1111 3676 1169 3740 lll,

102 3751 191 3807 derant
202 3753 319 3827 opponit
329 3753 490 3820 Seueraitta,
501 3753 608 3804 Nemo...
658 3776 681 3827 p.
696 3751 753 3820 544
767 3750 840 3804 llarl.
853 3750 945 3805 Rath.
1030 3783 1034 3788 ⁴

100 3833 159 3892 erit,
170 3845 203 3894 et,
213 3836 380 3886 slatimest.»
392 3832 608 3884 Eomderntsmea
690 3833 714 3882 5.
727 3830 884 3884 Maximam
894 3840 997 3898 portem
1010 3833 1102 3882 veneni
1114 3835 1167 3883 sui.

100 3928 198 3964 sensum
218 3907 311 3979 prabet
329 3909 430 3979 vulgata
449 3925 457 3960 ε
474 3921 606 3981 postquam
655 3907 836 3962 Pulcherrime.
854 3907 891 3959 lta
899 3907 991 3960 illem
1007 3906 1166 3980 Pythagori-

101 3987 168 4038 enim
191 3987 257 4040 dixit
274 4006 349 4039 nemo
368 4005 420 4040 non
438 3989 519 4040 miser
538 3989 605 4052 erit,
656 4005 699 4040 cus
712 4007 718 4038 :
732 3983 867 4054 «injuris,
881 3982 977 4054 inquit,
989 3985 1120 4040 etmalitia
1133 3987 1168 4042 ab

101 4064 170 4118 addit
187 4085 241 4118 non
258 4063 352 4135 differo
363 4103 370 4131 ‚
383 4065 401 4116 i.
417 4085 438 4118 e.
451 4083 504 4116 non
515 4075 551 4116 est
562 4064 608 4116 lu·
656 4075 757 4116 auctore
770 4061 908 4133 incipiens,
923 4061 951 4112 in
963 4062 1037 4115 illum
1047 4063 1093 4133 qui
1103 4062 1166 4118 affi-

103 4155 169 4196 lurut
181 4143 276 4206 miser,
290 4142 341 4213 jam
353 4161 421 4194 nuuc
433 4154 475 4194 etl·
657 4145 733 4207 citor,
744 4141 880 4196 redundat.
887 4142 938 4194 Sed
948 4140 1169 4215 ipsumauetorem

132 4220 154 4276 3.
169 4220 378 4294 Spississimum·
391 4220 535 4296 sospitatur
547 4221 609 4276 Pin·
658 4221 783 4296 imprimis
793 4218 878 4288 ltdit,
890 4219 975 4278 minus
987 4239 1046 4273 sum
1058 4218 1103 4297 qui
1116 4241 1169 4295 pa,-
