2975 4992
451 416 715 490 Eets'tout
739 418 803 488 tt.
1100 419 1165 487 313

105 551 250 637 Etutam,
265 548 358 619 illum
369 548 616 619 nobilissimum
625 548 752 619 Sicilia
766 562 913 617 montem
927 574 936 617 ι
948 568 1049 640 quem
1058 572 1167 640 quare

102 666 221 735 dixerit
247 665 411 737 Mentula¹
433 669 561 735 minan
570 714 583 747 ,
598 666 670 735 aive
682 663 843 759 Valgiua¹
863 661 971 758 (apud
983 680 1167 757 utrumque

101 783 183 849 enim
208 780 323 877 legi),
350 802 421 851 non
445 782 600 877 reperim
626 806 731 875 quum
749 780 895 875 plurima
913 780 987 849 looa
1009 795 1168 849 evomant

99 901 230 993 ignem,
246 922 318 968 non
328 913 460 976 tantum
472 897 565 967 edita
582 894 700 991 (quod
717 896 872 967 crebrius
890 900 1027 982 evenit,
1048 896 1171 966 videli-

99 1034 147 1086 eet
162 1017 246 1109 quia
258 1017 351 1111 iguis
363 1018 402 1086 in
414 1016 614 1086 altiaaimum
629 1012 803 1111 effertur),
816 1013 878 1085 aed
891 1018 993 1085 etiam
1003 1015 1165 1111 jacentia.

99 1135 180 1215 Noa,
202 1144 398 1227 utcumque
412 1156 610 1227 pontumue,
631 1132 783 1201 contenti
802 1156 918 1201 eumue
938 1123 1067 1215 Baiia³,
1084 1154 1170 1224 quaa
1194 1157 1209 1191 α

100 1261 231 1338 poatero
243 1244 325 1333 die,
342 1269 445 1338 quam
457 1246 658 1341 attigeram,
680 1245 805 1338 reliqui
821 1272 832 1331 ς
850 1245 961 1315 locum
971 1244 1016 1314 oh
1030 1244 1097 1314 hoo
1113 1244 1171 1314 de·

99 1358 290 1446 vitandum,
319 1384 425 1455 quum
449 1360 574 1431 habeat
588 1358 752 1455 quaedam
767 1359 1068 1447 naturaleadotea,
1088 1361 1171 1453 quia

100 1476 160 1545 tibi
178 1477 278 1547 illum
296 1476 538 1549 oelebraudum
551 1479 686 1549 luxuria
701 1478 901 1573 desumptit.

143 1589 244 1684 Quid
261 1594 370 1687 ergo?
384 1592 446 1663 uu
460 1594 533 1664 1000
549 1592 771 1663 inornatum
783 1576 837 1664 aa
848 1594 991 1665 odiunt
1006 1590 1167 1662 Minime!

100 1701 155 1769 sed
171 1704 459 1797 quemadmodum
482 1706 598 1798 aliqua
615 1709 717 1776 ventio
740 1709 886 1801 eapienti
906 1728 949 1776 ac
967 1705 1077 1801 probo
1095 1708 1171 1775 viro
1197 1722 1214 1775 ³

101 1820 204 1915 magia
215 1822 380 1890 convenit
398 1846 499 1915 quum
515 1822 603 1903 alia,
622 1844 686 1892 nec
702 1820 810 1893 ullum
825 1822 975 1893 colorem
997 1822 1056 1891 ille
1073 1822 1168 1908 odit,
1189 1917 1191 1920 Ι

100 1937 157 2007 aod
182 1936 335 2028 aliquem
350 1951 448 2031 putat
468 1959 588 2031 parum
608 1952 724 2029 aptum
742 1960 817 2007 eoae
840 1938 1069 2032 frugalitatem
1087 1962 1171 2031 pro·

100 2050 184 2121 leno
200 2076 210 2120 ι
227 2053 279 2119 aio
291 2050 388 2145 regio
403 2065 625 2143 quoqueett‚
644 2072 747 2143 quam
758 2052 973 2145 eapienarin
987 2050 1104 2120 autad
1116 2076 1172 2121 aa·

99 2168 262 2261 pientiam
280 2165 447 2249 tandem,
463 2165 633 2248 declinet,
656 2181 816 2259 tanquam
828 2168 975 2238 alienam
987 2168 1087 2239 bonit
1098 2194 1172 2240 mo-

99 2284 207 2357 ribus.
222 2285 361 2375 ltaque,
379 2282 422 2351 de
436 2304 569 2351 aeoeaau
593 2284 765 2375 cogitant,
787 2279 982 2377 uunquam⁴
996 2287 1170 2381 Canopum

100 2402 222 2496 eliget,
248 2399 403 2493 quamvis
426 2400 595 2468 neminem
618 2400 778 2493 Canopua
794 2423 869 2470 eoae
892 2401 983 2495 frugi
996 2418 1108 2489 retet3
1124 2426 1170 2471 ne

100 2520 194 2587 Baiae
205 2514 360 2609 quidem.
376 2514 607 2585 Diveraorium
623 2516 782 2587 vitiorum
795 2540 869 2587 eoae
881 2534 1059 2610 coeperunt
1073 2543 1082 2585 ε
1099 2518 1170 2589 illic

132 2804 154 2835 r.
164 2783 301 2837 lassata.
320 2781 387 2835 Edd.
404 2792 464 2833 vett.
484 2792 509 2833 et
524 2800 572 2833 tut·
588 2801 609 2835 e.
659 2781 738 2837 italia
756 2800 832 2836 mont
849 2783 899 2836 iato
913 2795 1027 2857 tempora
1043 2783 1171 2838 inclaruit.

99 2862 181 2935 Volgo
201 2859 339 2913 Messala.
351 2857 610 2913 Sata-Messala
658 2858 750 2913 ltutt.
865 2903 870 2910 .

99 2940 239 3007 currina,
252 2950 353 3005 orator,
367 2940 411 3012 qui
422 2939 539 2992 extremit
550 2938 610 2991 Au·-
692 2937 716 2993 3.
729 2936 818 2991 Bata.
831 2937 902 2993 Urbe
920 2939 1082 3015 Campania,
1096 2942 1171 2996 ther-

98 3021 160 3092 gneti
168 3022 244 3073 annia
252 3032 369 3073 mortuus
375 3030 419 3075 eat.
429 3019 470 3073 Gi.
481 3018 610 3090 Hierony·
659 3018 721 3081 mit,
733 3036 796 3090 quaa
805 3031 890 3072 notter
898 3024 1034 3074 naturales
1044 3023 1116 3075 dotet
1125 3043 1172 3075 vo·

97 3118 151 3153 nna
162 3100 191 3152 in
202 3099 329 3153 Chraaie.
344 3098 376 3151 ad
387 3098 493 3171 Olyrup.
508 3114 564 3169 197,
575 3095 609 3159 3,
659 3110 715 3162 cat,
731 3097 795 3150 olim
810 3096 902 3150 celebri
916 3100 960 3166 (ei.
980 3098 1070 3153 Strabo
1082 3101 1117 3167 V,
1138 3120 1169 3165 a,

98 3190 120 3227 et
132 3177 261 3231 Hardniu.
274 3176 303 3229 in
316 3175 404 3229 ludite
414 3175 482 3229 Plin.
493 3173 581 3225 Ruth.
663 3194 701 3247 tq,
715 3177 749 3242 4,
760 3178 777 3228 5
790 3176 830 3229 ed.
842 3177 929 3249 Lipe.),
942 3194 1012 3231 nuno
1023 3198 1083 3233 vero
1089 3179 1170 3231 ruinia

130 3276 152 3307 a.
174 3258 305 3323 Valgius.
326 3254 357 3307 T.
379 3252 486 3325 Valgiua
507 3250 609 3303 Rufus.
659 3253 764 3321 obruta,
777 3252 837 3307 ride
850 3254 1171 3325 MeyersDarstelluugen

99 3331 377 3405 poetanobiiiaapient‚
385 3332 500 3402 adquam
509 3327 610 3381 Horatii
659 3348 710 3383 aue
721 3332 835 3399 Italion,
847 3352 873 3405 p.
885 3331 943 3399 450.
956 3332 1047 3385 matt·

99 3406 609 3483 (iam.ll‚qextat.Ci.Heyaead'l'ibull.
691 3410 1171 3484 d.Cnrtopum.UrbemAEgypti,qun

99 3492 142 3555 Π,
153 3492 246 3544 rBoed.
253 3486 610 3543 nor-Oeeunerunthaoior·
659 3486 795 3540 duodecim
809 3487 949 3542 miliaribua
965 3489 997 3541 al)
1015 3489 1170 3543 Alexandria

98 3585 157 3623 tatae
168 3570 198 3623 ia
208 3566 300 3641 Valgii
314 3568 452 3633 bucolicis,
470 3566 502 3619 de
518 3562 610 3636 quibua
659 3564 781 3630 distabat,
795 3566 828 3619 ad
841 3565 933 3619 ostium
945 3566 1000 3619 Nili
1012 3566 1170 3640 Canopicum

97 3644 510 3701 videawemadorfitt‘on.he
518 3644 609 3697 llint.
658 3641 1171 3715 eitam,ubinunollequier,lesBegnii-

98 3726 176 3801 W,p.
188 3726 242 3792 804
261 3722 355 3778 astu
366 3721 609 3793 Ceterumeuique,
658 3737 712 3785 m,
730 3738 750 3773 a.
770 3720 887 3772 Aboulir
906 3720 1013 3793 (Sarary
1027 3722 1058 3786 l,
1071 3741 1096 3794 p·
1114 3721 1170 3787 33).

97 3802 247 3857 relmenon
252 3814 385 3866 monento,
394 3800 526 3863 manabit.
534 3799 609 3854 nobit
658 3796 767 3851 Famos-
778 3799 827 3851 i'uit
837 3798 865 3851 in
877 3799 1027 3871 antiquitate
1034 3813 1060 3853 at
1069 3812 1169 3875 proptor

97 3880 127 3933 de
143 3880 191 3933 illa
205 3880 266 3946 lite,
281 3898 328 3935 eur
336 3878 416 3931 AEtna
428 3883 517 3931 unierat
529 3877 610 3931 dietat
659 3877 780 3948 templum
791 3876 889 3951 Canopi
897 3897 917 3931 a.
926 3878 1068 3953 Serapidia‚
1079 3891 1104 3932 et
1113 3900 1169 3950 pro·

98 3958 140 4023 sit,
153 3956 389 4030 nullumjudieium
398 3968 552 4028 competeret
565 3956 611 4010 ha·
659 3966 713 4029 pter
721 3954 859 4010 luxuriam:
869 3958 1087 4025 undomeadxepie
1095 3970 1170 4012 etae-

98 4036 182 4091 riolari
199 4048 288 4090 tamen
306 4035 382 4101 licet,
399 4034 527 4107 epitheton
545 4034 610 4089 illud
660 4033 765 4099 iniicere
777 4034 806 4087 in
818 4034 981 4109 proverbium
992 4036 1117 4089 abierunt.
1126 4038 1170 4089 tt-

98 4116 203 4182 potitum
213 4134 267 4177 cape
277 4113 310 4165 alt
319 4113 462 4167 evomendo
473 4114 532 4185 igne
544 4150 552 4179 ‚
563 4124 610 4165 ete.
659 4112 727 4185 priua
741 4110 828 4167 laudat
844 4112 975 4166 Ammian.
990 4114 1071 4166 Mare.
1080 4114 1168 4177 xxti,

98 4212 145 4263 quo
154 4192 244 4245 nullae
254 4190 321 4245 aliua
331 4209 414 4261 neque
424 4188 517 4245 siniti·
527 4210 610 4261 nequo
663 4190 709 4259 16,
726 4212 750 4265 p.
761 4191 810 4261 ³²⁷
827 4189 887 4262 Bip.
901 4204 927 4243 et
943 4190 1062 4245 strabon
1074 4190 1169 4257 XVH,
