2975 4992
370 523 642 595 nrrsront
666 525 908 626 anxius„
1102 535 1169 625 579

96 650 1209 751 transeuntldcminbis,quibusalunturingenia,praestemus3'
1300 680 1305 690 “

94 783 146 852 nt,
160 791 387 862 quaecumque
395 771 569 839 hausimus
579 820 589 854 ,
600 794 668 839 non
678 773 848 864 patiamur
856 774 991 867 integra
1004 799 1090 859 esse,
1105 800 1168 846 nec

96 885 244 954 aliens'.
266 886 526 980 Concoquamus
538 887 596 954 illa
621 915 628 954 :
650 887 777 982 alioqui
790 891 827 956 in
840 891 1033 958 memoriam
1047 892 1166 982 ibunt,

96 1026 167 1070 non
182 1005 219 1069 in
233 1004 423 1097 ingenium.
436 1005 666 1073 Assentiamus
676 1005 743 1074 illis
759 1004 919 1091 fideliter,
937 1023 972 1074 et
986 1025 1101 1077 nostra
1118 1010 1169 1079 la·
1193 1042 1209 1086 7

98 1122 250 1203 ciamus,
270 1139 309 1189 ut
325 1147 430 1190 unum
448 1119 610 1214 quiddam
625 1121 683 1190 fiat
697 1148 737 1191 ex
753 1123 886 1209 multis,
905 1124 993 1194 sicut
1005 1151 1093 1195 unus
1108 1153 1170 1195 nu-

99 1261 215 1306 merus
227 1237 266 1306 fit
279 1261 320 1306 ex
331 1239 597 1332 singulis,qunm
607 1241 757 1308 minores
767 1265 912 1309 summas
922 1257 955 1308 et
968 1241 1169 1312 dissidentes

99 1355 307 1446 computatio
321 1379 387 1422 una
402 1353 672 1448 comprehendit.
689 1359 762 1424 lloc
776 1356 875 1426 faciat
887 1359 1019 1426 animus
1032 1375 1167 1427 noster:

101 1473 239 1556 omnia,
261 1473 385 1564 quibus
399 1488 448 1540 est
460 1469 617 1564 adjutus,
632 1469 835 1556 abscondat,
853 1474 963 1565 ipsum
977 1490 1107 1542 tantum
1121 1499 1172 1543 os·

100 1585 240 1668 tendat,
264 1586 358 1678 quod
374 1587 500 1655 effecit.
514 1587 623 1654 Etiam
638 1587 666 1654 si
681 1587 778 1677 cujus
795 1586 831 1652 in
851 1603 884 1653 te
900 1588 1107 1681 comparebit
1124 1590 1172 1657 si·
1197 1607 1214 1657 8

101 1698 277 1782 militudo,
295 1724 395 1792 quem
411 1699 588 1768 admiratio
604 1698 665 1766 tibi
679 1699 780 1766 altius
793 1699 922 1783 fixerit,
939 1700 1081 1769 similem
1099 1726 1172 1770 esse

103 1833 137 1884 te
152 1817 232 1884 volo
250 1815 422 1908 quomodo
442 1814 570 1900 lilium,
587 1839 655 1883 non
668 1813 838 1907 quomodo
850 1815 1030 1907 imaginem
1044 1817 1173 1910 :imago

101 1957 158 2000 res
176 1949 309 2000 mortua
330 1948 392 2000 est.
415 1930 510 2024 Quid
529 1931 637 2024 ergo?
655 1953 725 1998 non
738 1927 961 2022 intelligetur,
983 1929 1079 2022 cujus
1091 1933 1174 1999 imi-

103 2049 188 2115 teris
203 2049 415 2116 orationcm?
434 2046 531 2138 cujus
549 2044 906 2139 argumentationem?
922 2043 1019 2136 cujus
1036 2061 1175 2114 senten-

103 2166 193 2232 tias?
211 2167 296 2233 Puto
313 2162 497 2256 aliquando
516 2185 559 2230 ne
577 2160 723 2253 intelligi
743 2159 882 2251 quidem
907 2183 1025 2252 posse,
1050 2162 1077 2228 si
1101 2185 1175 2228 mn-

104 2283 165 2374 gni
176 2281 242 2348 viri
253 2279 447 2374 ingenium²
465 2277 639 2362 omnibns,
655 2255 782 2369 quae⁸cx
793 2301 861 2367 quo
875 2275 983 2343 voluit
993 2277 1174 2370 exemplari

105 2524 118 2548 s
133 2500 239 2572 Quique
256 2499 347 2552 bibunt
368 2511 453 2551 tenera
476 2495 562 2550 dulces
584 2493 615 2548 ab
667 2493 758 2559 nibus,
772 2511 830 2561 quae
846 2514 873 2546 ex
885 2504 936 2564 quo=
954 2495 1022 2547 velut
1037 2495 1174 2563 exemplari

105 2579 231 2632 arundine
243 2596 337 2630 succos.
348 2599 362 2623 n
371 2576 424 2628 Nec
433 2588 532 2627 coctura
541 2573 616 2627 etiam
665 2571 754 2633 traxit,
767 2574 892 2638 formam,
906 2584 951 2624 etc.
967 2573 1119 2646 corruptio,
1133 2573 1175 2626 iu-

105 2657 193 2730 ignota
207 2657 239 2708 iit
252 2655 315 2720 tuit,
336 2676 364 2707 cx
380 2653 460 2706 Statio
470 2671 476 2704 :
486 2659 502 2698 'ct
512 2653 544 2702 Et
555 2657 616 2722 q'uas
665 2649 733 2724 quit,
747 2650 858 2701 nominis
874 2651 979 2720 Virgilii
990 2663 1052 2720 quot
1061 2664 1174 2721 quantas·

105 2732 236 2804 percoquit
247 2731 342 2784 Ebosia
353 2751 471 2783 cannas.»
485 2727 557 2798 lips·
666 2749 715 2800 que
723 2728 848 2780 molestias
854 2728 1174 2793 creaveritlanoGrutero,

140 2832 161 2863 ι.
173 2813 227 2865 Nec
241 2815 337 2864 alieno.
352 2809 394 2862 sie
409 2809 468 2860 libri
480 2820 539 2861 vett.
556 2809 616 2860 Ad-

105 2890 171 2942 dunt
189 2890 234 2942 alii
247 2895 312 2952 sint,
333 2887 403 2960 quod
425 2887 543 2958 ignorant
564 2883 614 2936 alii.

105 2973 194 3046 Vulgo
204 2994 236 3026 nc
245 2975 334 3025 aliena
344 2971 407 3032 sint,
421 2990 434 3020 s
448 2971 516 3020 ntur.
525 2967 605 3020 Sedw.

139 3075 161 3104 a.
174 3050 206 3104 Si
217 3054 310 3121 magni
319 3053 370 3102 viri
382 3051 513 3117 ingenium
527 3049 617 3097 omni-

106 3133 171 3196 bus,
185 3150 245 3196 quse
257 3149 293 3182 ια’
309 3149 360 3198 qno
372 3129 454 3178 voluit
469 3127 617 3192 exemplari
651 3189 654 3196 ι

651 3201 653 3208 ’
665 3215 715 3272 quo
727 3208 793 3247 recte
803 3196 941 3247 referantur
952 3209 976 3248 et
986 3215 1039 3248 sese
1051 3210 1175 3248 tueantur.

103 3213 261 3272 adstruxit,
273 3209 397 3280 firmam
413 3225 489 3258 sunni
508 3206 616 3272 impres-

106 3291 159 3354 sit,
174 3289 242 3338 utin
257 3289 384 3338 unitatem
401 3287 450 3335 ilia
464 3290 615 3349 competant.

106 3365 171 3419 Loci
186 3364 249 3417 mire
263 3365 340 3436 vulgo
353 3359 489 3414 deformati
503 3357 615 3410 certissi-

107 3465 175 3497 mam
188 3443 256 3496 banc
268 3462 320 3494 esse
332 3437 533 3493 emendationem
544 3433 616 3506 judi-

667 2805 799 2858 Gronovio
814 2806 847 2857 al.
865 2826 893 2858 ex
907 2826 994 2859 eornm
1009 2807 1074 2859 notis
1086 2808 1174 2860 videre

664 2884 729 2935 licet.
740 2883 773 2935 Si
778 2887 871 2951 magni
880 2887 933 2934 viri
944 2902 1004 2935 :nec
1014 2889 1083 2936 enim
1091 2905 1114 2937 ο.
1122 2898 1175 2936 erat

665 2961 741 3014 lectio
752 2960 861 3033 vulgata,
873 2980 946 3012 sensu
958 2974 1041 3013 tamen
1052 2974 1175 3014 etsermo·

666 3061 697 3092 nc
710 3038 831 3108 impedito
845 3057 851 3091 :
865 3057 924 3089 nam
937 3037 980 3090 illa
990 3039 1076 3100 verba,
1084 3044 1177 3110 magni

664 3121 732 3182 viri,
747 3118 879 3186 impressi!
889 3129 913 3169 et
927 3117 983 3168 sim.
1001 3117 1067 3169 nihil
1082 3118 1176 3171 babent

665 3271 755 3344 Neque
763 3273 836 3326 codd.
845 3273 1029 3326 nonnullorum
1037 3276 1175 3328 emblema:

665 3356 690 3404 si
699 3356 793 3422 magni
803 3355 856 3404 viri
864 3356 994 3421 ingenium
1006 3375 1074 3405 omn.
1093 3374 1176 3423 neque

665 3431 762 3483 mentio
775 3430 859 3482 Ennii
867 3429 894 3480 in
904 3431 1037 3482 nonnullis
1051 3429 1124 3484 codd.
1134 3431 1177 3481 lo-

107 3524 177 3584 cavi,
186 3541 264 3593 quam
273 3540 288 3571 a
297 3517 415 3571 Rubeoio
423 3513 519 3569 collatis
529 3526 592 3564 veter
599 3513 618 3563 is
666 3528 722 3560 curn
735 3507 872 3560 sinceritati
885 3508 989 3560 reddere
996 3507 1122 3560 valebant.
1130 3508 1177 3560 llle

107 3601 236 3672 scripture
249 3597 361 3670 vestigiis
377 3592 527 3668 propositam
545 3591 618 3643 Gro-
666 3587 770 3640 Ennius
780 3587 889 3656 denique
896 3600 966 3639 tanto
975 3587 1177 3640 terriculamento

108 3669 618 3746 noviusinlu'cemprotraxit-S-Vulgo
667 3667 715 3720 tuit
726 3667 849 3728 Grutero,
871 3679 898 3719 ut
915 3668 996 3740 magis
1012 3680 1096 3720 mutus
1108 3667 1179 3720 lieret

108 3771 166 3810 ante
177 3751 266 3808 Ruht.
282 3757 307 3807 si
322 3755 412 3822 magni
422 3753 475 3801 viri
482 3787 489 3813 ,
498 3768 541 3800 nec
550 3751 618 3800 enim
668 3765 744 3816 quarn
758 3745 839 3817 piscis.
852 3745 990 3797 Enimvero
1001 3747 1048 3796 iste
1061 3745 1179 3797 vetustis-

108 3835 238 3897 omnidns,
245 3831 618 3902 quoeeecquopuevclutexem·
669 3824 746 3875 simus
754 3823 931 3874 Romanorum
940 3834 1013 3894 poeta
1020 3821 1060 3873 hic
1068 3842 1106 3872 rne
1115 3821 1180 3873 veri·

106 3917 199 3982 plania
206 3909 423 3977 traxilfiirmam
431 3926 507 3958 suam
514 3909 620 3973 impres·
670 3913 744 3952 tatem
754 3920 832 3970 quum
840 3899 925 3950 videre
935 3912 988 3950 tum
995 3897 1079 3968 eloqui
1087 3897 1180 3950 docuit.

110 3993 155 4051 sit,
170 3997 200 4041 u!
206 3992 234 4040 in
248 3991 374 4040 unitatem
386 3987 461 4037 illam
470 3992 621 4051 competant.
669 3980 755 4048 Quum
770 3979 839 4030 enim
850 3991 944 4029 certum
956 3989 1083 4028 auctorem
1095 3975 1135 4028 hir
1147 3976 1180 4028 si-

108 4064 272 4140 llubkopfius
283 4077 363 4116 toturn
374 4063 457 4115 locum
470 4061 505 4113 sic
519 4057 621 4132 corrigit
671 4056 785 4132 gaificari
798 4078 812 4109 a
828 4057 924 4110 Seneca
936 4067 1001 4108 totus
1014 4067 1143 4107 contentus
1157 4068 1181 4106 et

109 4158 133 4196 ct
149 4143 285 4218 distinguit
306 4160 312 4192 τ
330 4141 478 4193 Paeone...
487 4157 578 4206 posse,
598 4141 624 4188 si
671 4158 749 4190 nexus
758 4149 887 4200 moneret,
900 4149 953 4187 tunt
966 4155 1024 4187 vcro
1038 4134 1081 4186 illa
1093 4155 1181 4205 quam·

109 4225 205 4290 magni
223 4221 331 4288 Virgilii
345 4216 621 4291 (supple:0rationcrn
671 4218 710 4268 vis
733 4214 908 4287 intempestiva
931 4211 1009 4264 Ennii
1031 4213 1130 4263 mentio
1154 4213 1180 4263 in

109 4313 133 4352 et
144 4297 422 4362 sententiasimiteris):
436 4317 482 4349 nec
493 4295 561 4348 enim
570 4315 623 4346 orn·
673 4305 755 4356 textu,
776 4311 827 4362 quo
846 4291 934 4364 pedem
948 4310 1020 4343 suum
1040 4312 1054 4341 e
1066 4291 1180 4361 margine
