2975 4992
346 470 407 552 ιη
623 471 662 535 u.
689 464 868 535 suuni
892 464 1104 535 sannen

633 806 953 892 EPISTOLA
983 806 1107 891 XIV.

799 1010 932 1031 *-

561 1184 724 1238 QUOMODO
742 1186 895 1226 CORPOM
912 1186 1178 1228 Colum-”Mll-

367 1330 476 1383 Etiamsi
492 1330 551 1385 vitre
566 1351 624 1385 cura
637 1331 736 1403 agenda
754 1332 786 1384 sit
796 1330 1003 1403 diligentissime,
1017 1342 1100 1382 tamen
1113 1334 1136 1382 ei
1149 1349 1202 1381 nou
1215 1328 1379 1381 serviendum
1395 1366 1404 1390 ,

334 1418 443 1487 ideoque
456 1436 508 1467 non
523 1428 621 1489 prepter
632 1434 721 1489 eorpus
732 1416 889 1479 vivendum,
900 1413 945 1470 sed
958 1416 992 1467 ita
1003 1433 1033 1467 eo
1047 1413 1168 1466 utendum
1181 1427 1218 1467 est
1229 1452 1236 1475 ,
1246 1421 1293 1476 nt,
1302 1414 1324 1466 si
1336 1433 1404 1485 opus

332 1502 380 1565 sit,
401 1502 433 1555 eb
446 1523 476 1555 eo
491 1502 565 1555 facile
577 1500 741 1555 discedemus.
756 1500 895 1554 himvero
907 1500 959 1572 ejus
974 1520 1034 1553 eura
1046 1500 1172 1573 postulat,
1185 1512 1214 1553 ut
1229 1512 1283 1551 tum
1295 1500 1404 1552 iucom-

333 1586 410 1640 moda
421 1599 444 1639 et
452 1586 562 1661 pericula
571 1623 579 1651 ,
588 1598 643 1637 tum
654 1585 781 1659 inopiam,
796 1586 913 1649 morbos,
927 1584 1041 1657 inprimis
1052 1603 1112 1636 vero
1126 1604 1155 1636 es
1165 1584 1231 1636 mala
1243 1585 1404 1651 devitemus,

333 1688 388 1738 quse
401 1690 445 1742 per
459 1670 509 1721 vim
522 1668 668 1741 potentioris
680 1668 817 1733 eveniunt,
834 1668 926 1739 quippe
937 1686 993 1737 quse
1006 1665 1095 1737 majori
1112 1668 1229 1720 varietate
1242 1680 1266 1719 et
1278 1681 1404 1741 apparatu

332 1752 476 1805 terribiliori
484 1758 535 1805 ‘uos
547 1752 704 1805 concutiunt
717 1752 775 1819 Qua
788 1771 814 1803 re
828 1751 931 1805 offensis
941 1752 1113 1823 potentiorum
1128 1751 1244 1824 inprimis
1254 1752 1328 1825 vulgi
1340 1751 1404 1804 abs·

331 1836 465 1889 tinendum
486 1849 539 1903 est,
557 1837 602 1889 sed
620 1835 674 1899 ita,
693 1847 721 1893 ut
738 1848 763 1888 et
778 1835 859 1908 specie
879 1835 1019 1889 nociturum
1038 1835 1176 1907 potentiam⁸
1192 1835 1289 1903 vitandi
1305 1855 1404 1888 cereas.

331 1919 401 1973 Fieri
409 1920 457 1973 hoc
468 1921 501 1972 ita
513 1920 606 1993 optime
615 1919 689 1973 docet
700 1918 871 1992 philosophie,
881 1931 909 1969 ut
919 1918 1030 1971 vitentur
1037 1918 1141 1983 odium,
1154 1918 1252 1975 invidia
1261 1958 1269 1984 ,
1283 1932 1404 1971 contem-

331 2018 378 2056 tus.
391 2006 477 2075 ltaque
495 2004 630 2071 tranquille
644 2004 803 2074 modesteque
816 2004 867 2054 vita
881 2002 979 2072 agenda
991 2014 1044 2069 est,
1063 2016 1087 2054 et
1103 2002 1168 2055 bene
1186 2001 1341 2066 videndum,
1363 2024 1402 2056 an

295 2132 299 2141 r
328 2109 387 2143 curn
400 2108 514 2143 successu
526 2108 627 2162 operam
640 2102 709 2165 turrn
725 2089 798 2142 rebus
809 2087 986 2159 interposueris
998 2087 1068 2158 :ipss
1078 2087 1117 2140 Μ.
1128 2087 1193 2141 Crto
1208 2088 1301 2143 melius
1309 2091 1402 2143 forsan

330 2172 456 2245 republica
467 2172 639 2237 abstinuisset,
651 2186 680 2226 ut
690 2192 747 2244 quae
754 2173 902 2244 jamdudum
912 2172 1058 2243 pessundata
1070 2183 1128 2223 erat
1142 2170 1220 2239 Quod
1229 2172 1364 2225 consilium
1376 2172 1401 2225 si

329 2270 447 2328 sequutus
459 2258 550 2323 fueris,
561 2258 707 2331 plerumque
721 2270 744 2310 te
755 2256 854 2309 felicem
866 2255 1007 2330 prestabit,
1018 2255 1066 2309 nisi
1077 2256 1099 2309 si
1110 2258 1214 2327 quando
1226 2258 1326 2309 founna
1337 2258 1401 2309 vitae

328 2354 378 2393 tun
394 2340 509 2411 quedem
522 2344 626 2397 adversa
642 2340 808 2393 admiscuerit
822 2339 945 2413 Epicurea
963 2339 1098 2408 sententia}
1104 2340 1234 2393 concludit
1244 2328 1378 2414 epistolem
1392 2356 1400 2390 ι

327 2426 353 2477 ls
363 2426 471 2491 inarime
482 2426 576 2487 divitiis
584 2426 690 2489 fruitur,
702 2426 747 2495 qni
760 2424 866 2477 minime
877 2424 970 2477 divitiis
981 2423 1085 2494 indiget.

361 2508 446 2567 Stoica
457 2507 616 2587 philosophia
624 2507 668 2560 has
680 2508 792 2580 egregias
802 2506 936 2559 sententias
944 2506 1036 2559 Nostro
1046 2505 1225 2581 suppeditavit,
1235 2508 1327 2581 quippe
1335 2528 1399 2579 quc

329 2590 418 2657 donet,
430 2610 533 2671 corpore
550 2591 672 2643 utendum
691 2610 742 2642 esse
756 2590 917 2643 instrumenti
929 2588 985 2643 loco
1000 2594 1010 2655 (
1018 2591 1050 2642 el.
1073 2590 1220 2663 Simplicius
1234 2590 1267 2643 ad
1285 2590 1399 2662 Epicteti

328 2674 449 2727 Manuale
461 2675 516 2727 init.
530 2674 653 2727 Antonin.
662 2676 698 2727 lx
708 2710 716 2739 ,
729 2674 773 2738 3).
781 2675 843 2727 lloec
853 2692 915 2727 vero
925 2672 1029 2746 epistole
1040 2673 1115 2746 hujus
1125 2674 1256 2730 sententie
1267 2676 1397 2749 praecipua

325 2774 346 2808 s.
359 2756 458 2809 classice
469 2757 539 2809 sedes
550 2770 592 2810 est.
606 2759 660 2809 Nee
671 2757 778 2809 omniuo
789 2778 805 2811 e
815 2756 941 2829 republica
951 2757 1100 2831 eapusenda
1111 2756 1212 2826 recedet
1221 2756 1321 2829 sapiens
1329 2794 1338 2822 ,
1346 2758 1396 2811 sed

326 2838 486 2893 πολιτεύεσθαι
498 2842 602 2907 petulcis
617 2843 704 2907 copias,
717 2843 746 2893 dr
756 2843 789 2909 [td
806 2864 827 2893 rr
842 2840 919 2911 κωλύῃ
933 2842 1071 2894 seeundum
1086 2840 1254 2915 Chrysippum
1269 2840 1397 2912 Diogenis

328 2922 405 2974 Lacrt.
418 2925 484 2989 Vll,
501 2943 553 2977 121.
568 2922 620 2976 Cic.
629 2922 660 2975 de
671 2922 730 2975 Flu.
739 2924 792 2986 Ill,
807 2943 845 2976 ao.
859 2924 898 2976 Cl.
911 2924 1001 2977 Seuer.
1011 2924 1045 2977 de
1055 2924 1114 2976 Otio
1124 2923 1258 2997 Sapientis.

610 3108 718 3143 ΙΙΗΙῦΔ
736 3107 858 3143 bucino
877 3107 934 3142 8110
953 3107 1098 3143 satum.

375 3238 530 3303 Feruor
557 3236 692 3303 insitam
717 3260 791 3305 esse
816 3235 930 3303 nobie¹
957 3238 1110 3327 corporis
1134 3239 1240 3304 nostri
1264 3240 1394 3306 carita-

326 3366 390 3415 tem
406 3374 415 3438 3
430 3348 535 3416 fateor
552 3372 612 3416 nos
630 3350 731 3443 hujus
746 3374 866 3443 gerere
881 3350 1018 3417 tutelam
1030 3356 1043 3383 ²
1063 3376 1071 3415 ι
1088 3374 1156 3419 non
1171 3376 1258 3446 nego
1274 3353 1392 3422 indul-

360 3592 381 3625 ι.
398 3572 498 3624 Fateor
505 3575 613 3625 insitam
623 3590 679 3625 esse
688 3575 770 3627 uobis.
786 3574 831 3626 Est
879 3573 920 3626 vel
936 3574 1046 3627 maxime
1063 3587 1231 3640 consentanea
1250 3588 1303 3638 est;
1315 3576 1390 3628 uude

323 3650 431 3703 stoicum
449 3650 544 3720 dogma
565 3667 572 3699 r
592 3649 664 3703 uobis
686 3650 774 3702 insitus
794 3662 831 3702 est
878 3663 963 3702 tarnen
979 3670 1079 3721 quoque
1092 3652 1214 3722 sequitur,
1230 3674 1319 3727 eorpus
1332 3674 1390 3707 esse

323 3729 402 3782 nostri
412 3749 492 3789 amor,
505 3748 561 3782 erne
577 3742 601 3782 te
617 3730 699 3798 ipsum
713 3743 740 3782 ut
750 3732 830 3803 prima
877 3727 1050 3782 adhibendum
1070 3742 1099 3781 ut
1117 3730 1311 3787 instrumentum
1333 3752 1390 3785 ne—

322 3818 419 3859 naturoe
430 3805 587 3876 consequaris
596 3844 602 3870 ‚
611 3819 635 3859 et
644 3825 701 3876 que
710 3807 741 3859 iis
751 3827 829 3879 oppo-
877 3808 1020 3859 cessarium.
1041 3806 1081 3860 Cf„
1098 3806 1153 3861 Cie-
1166 3808 1199 3860 de
1214 3808 1274 3861 Fin.
1287 3810 1342 3873 111,
1360 3808 1389 3862 fs

320 3884 368 3936 sita
379 3896 437 3935 sunt
449 3884 542 3937 evites:
555 3902 611 3955 quse
621 3904 699 3955 quum
710 3884 827 3937 sineenr·
876 3885 1006 3958 Epictetus
1032 3884 1147 3938 eamdem
1178 3886 1328 3939 renuntiem
1352 3887 1389 3938 de

321 3962 388 4035 poris
407 3961 596 4015 conservatione
617 3960 673 4014 lieri
695 3982 748 4014 non
766 3982 829 4035 pos-
876 3981 935 4015 eura
953 3964 1053 4034 corpori
1073 3962 1221 4017 adhibenda
1232 3964 1297 4018 bene
1307 3965 1389 4017 tuitus

319 4050 402 4105 suut,
424 4039 534 4112 primum
558 4052 581 4093 et
603 4040 770 4093 necessarium
793 4052 829 4091 est
877 4040 1031 4094 estDissert
1045 4043 1145 4094 Arrian.
1161 4042 1203 4107 ll,
1224 4045 1261 4107 4,
1285 4063 1325 4110 17,
1343 4043 1386 4095 erl.

321 4112 446 4179 officium,
457 4128 571 4169 naturam
579 4116 828 4189 adjuvandieamque
879 4119 1107 4194 Schweigdudt.

321 4193 492 4249 conditionem
510 4195 646 4265 sequendi,
664 4214 720 4265 que
732 4209 828 4251 nature
911 4219 933 4251 a.
950 4197 1384 4267 Noshuiurgerereuatetnsfflsm,
