2975 4992
338 415 407 503 sto
631 412 673 479 L.
699 386 879 481 ruunt
900 410 1122 481 suuncu

338 546 537 627 cessissent,
556 541 733 637 oportebat
746 542 897 635 ignosci,
915 559 993 636 post
1003 542 1172 611 beneficia
1183 540 1324 611 ludenti
1338 544 1421 637 plns

339 686 441 759 quam
464 661 565 731 venia
590 659 748 730 debetur.
776 662 852 727 Non
877 684 966 753 pono
988 659 1126 751 utrique
1149 684 1213 753 por
1234 662 1417 753 pretium:

337 779 448 871 pluris
462 778 591 859 ‘testimo
611 774 838 857 beneficium,
859 800 960 867 quum
979 776 1141 869 injuriam
1154 781 1177 844 ¹.
1199 778 1276 845 Non
1296 802 1418 846 omnes

339 891 426 984 groti
437 890 562 959 debore
573 888 915 957 sciuntbcneficium²
929 914 938 955 ι
951 905 1062 982 potest
1073 884 1189 958 ctiam³
1196 889 1414 983 imprudens,

337 1022 372 1075 et
389 1006 503 1085 rudis,
526 1020 561 1073 et
577 1027 665 1073 unus
683 1028 702 1072 o
720 1003 841 1090 turbo,
862 1006 981 1097 utiquc
997 1006 1079 1073 dum
1095 1030 1205 1100 propc
1224 1020 1278 1073 est
1292 1005 1340 1073 nb
1354 1030 1416 1072 ac·

297 1154 310 1202 7
338 1114 467 1214 cepto⁴3
483 1122 618 1215 ignorat
630 1135 761 1203 autem,
776 1136 940 1211 quantum
953 1119 1076 1189 debent
1088 1146 1097 1187 ε
1111 1122 1171 1189 uni
1182 1121 1340 1214 Sapienti
1353 1144 1416 1188 no-

336 1256 409 1311 tum
425 1251 498 1325 cst,
516 1239 639 1331 quanti
658 1262 713 1305 res
732 1261 877 1330 quaequc
903 1237 1047 1308 taxando
1074 1240 1132 1307 sit.
1157 1242 1244 1308 Nam
1261 1238 1342 1319 ille,
1371 1238 1416 1305 de

336 1380 404 1448 quo
419 1355 584 1447 loquebar
596 1352 713 1435 modo,
729 1354 872 1435 stultus,
889 1355 1019 1445 etiamsi
1031 1354 1129 1424 bonae
1141 1356 1328 1425 voluntatis
1340 1372 1412 1439 est,

336 1489 394 1541 out
412 1473 524 1539 miuus
542 1494 644 1563 quam
662 1470 782 1551 debet,
801 1487 860 1538 aut
875 1486 1049 1564 tempore,
1068 1488 1149 1556 aut,
1170 1496 1239 1565 quo
1257 1496 1330 1541 non
1349 1470 1413 1539 de-

334 1588 412 1671 bet,
434 1588 508 1657 loco
532 1584 668 1671 reddit,
695 1584 731 1653 id
747 1586 845 1679 quod
862 1584 1081 1656 referendum
1099 1604 1170 1672 est,
1191 1587 1341 1657 effundit
1359 1603 1412 1655 nt-

339 1728 406 1797 que
426 1682 556 1796 abjicit.

382 1820 473 1887 Mira
490 1818 527 1885 in
543 1816 744 1910 quibusdam
764 1817 867 1886 rebus
882 1817 1066 1888 verborum
1082 1820 1274 1913 proprietas
1289 1838 1362 1905 θοις
1379 1838 1412 1889 ct

335 1933 544 2003 consuetudo
561 1934 729 2000 sermonis
753 1934 887 2026 antiqui
904 1935 1062 2025 qondam
1088 1935 1358 2021 efficacissimis,
1379 1954 1413 2003 ct

334 2052 448 2121 officia
466 2049 666 2119 docentibus
688 2049 778 2117 notis
793 2052 918 2145 signat.
933 2053 990 2120 Sic
1003 2068 1096 2120 certe
1116 2053 1261 2121 solemus
1280 2053 1381 2145 loqui
1399 2081 1408 2119 ε

339 2195 355 2233 s
372 2166 434 2234 Ille
453 2165 503 2242 illi
519 2167 662 2259 gratiam
677 2166 807 2234 rotulit.
824 2194 841 2231 u
862 2168 1027 2261 Referre,
1046 2186 1099 2237 cst
1112 2170 1223 2253 ultro,
1240 2169 1340 2262 quod
1353 2167 1412 2237 de·

294 2286 310 2357 8
334 2284 437 2369 beas,
458 2282 597 2351 afferre.
617 2284 692 2351 Non
720 2282 864 2353 dicimus
883 2290 1030 2378 gratiam
1056 2279 1213 2354 reddidit⁵
1237 2314 1247 2354 .·
1268 2288 1411 2354 reddunt

334 2398 445 2481 enim,
465 2415 499 2466 ct
515 2400 576 2491 qui
591 2416 830 2492 reposcuntur,
846 2404 955 2494 etqui
970 2403 1091 2487 iuviti,
1108 2404 1216 2493 etqui
1238 2402 1406 2481 ubilibet,

335 2531 371 2583 et
387 2516 448 2607 qui
463 2538 527 2609 per
541 2514 658 2584 alium.
679 2516 755 2584 Non
777 2515 921 2585 dicimus
942 2522 1085 2609 reposuit
1106 2518 1328 2610 beneficium,
1352 2533 1410 2585 sut

335 2636 450 2701 solvit:
468 2632 600 2700 nullum
622 2630 719 2699 nobis
737 2632 887 2725 placuit,
909 2632 1002 2726 quod
1017 2633 1076 2702 aeri
1094 2632 1205 2701 alieno
1222 2634 1406 2717 convenit,

334 2746 494 2816 verbum.
516 2746 673 2838 Referre,
694 2763 748 2815 cst
762 2746 807 2816 nd
823 2771 921 2834 eum,
940 2773 962 2817 o
975 2772 1047 2841 quo
1071 2749 1269 2842 occeperis,
1298 2748 1407 2818 ferre:

334 2978 360 3011 se
368 2970 393 3009 et
401 2956 467 3009 ultro
479 2954 548 3008 lellet
559 2956 587 3008 in
598 2954 647 3008 hoc
655 2955 760 3009 calculo.
770 2954 844 3025 Lips.
925 2956 950 3020 ᾼ
963 2956 1040 3009 Dum
1044 2976 1125 3026 prope
1132 2956 1335 3025 estaosccepto
1343 2958 1408 3026 Qut

333 3064 366 3077 -
374 3035 420 3085 lus
436 3052 511 3085 suurn
522 3033 621 3086 minuat
630 3033 658 3085 in
667 3032 715 3086 bno
725 3046 845 3107 suppute-
893 3034 972 3107 vulgo
990 3033 1030 3086 his
1047 3032 1234 3100 adjiciebantur
1244 3035 1337 3097 verbs,
1350 3037 1408 3088 srd-

335 3113 414 3165 tione.
427 3108 515 3163 liubit.
895 3114 954 3166 dere
971 3114 1121 3185 beneficium
1139 3125 1164 3167 et
1179 3132 1307 3183 pensam
1319 3134 1336 3166 e
1348 3116 1409 3167 rtu-

370 3188 847 3261 r.Plurisoestimobcueficium,quum
895 3202 948 3254 reto
967 3209 997 3241 ex
1017 3188 1122 3260 conject.
1145 3188 1192 3243 isto
1208 3192 1288 3244 modo
1310 3191 1407 3265 digesta

337 3271 471 3335 injuriam.
483 3269 533 3319 lut.
547 3268 635 3339 Longo
645 3268 709 3320 milri
720 3269 847 3340 antiquius
895 3280 979 3332 erant,
994 3288 1072 3339 quum
1084 3270 1112 3321 in
1124 3269 1195 3322 editt
1206 3281 1266 3322 vett.
1286 3281 1311 3321 et
1326 3289 1378 3321 ms.
1386 3290 1406 3322 t.

339 3347 387 3401 erit
397 3347 493 3401 solvero
505 3346 656 3400 beneficium
667 3386 675 3411 ,
687 3368 764 3420 quatu
779 3350 847 3421 inju-
895 3344 999 3416 aliisque
1010 3346 1140 3400 nonnullis
1149 3346 1303 3418 legerentur,
1313 3346 1362 3400 sed
1368 3346 1408 3399 sb·

333 3423 611 3495 riamviudicarc,quia
621 3428 702 3480 multo
713 3428 846 3502 megisbe·
894 3424 971 3478 surdo
984 3424 1065 3490 ‚modo
1082 3424 1187 3495 disjecta
1197 3442 1205 3477 ε
1214 3444 1266 3497 quo
1285 3423 1342 3496 ipso
1355 3426 1405 3495 jam

333 3502 425 3553 nelicio
438 3522 558 3568 moveor,
574 3523 650 3574 quam
664 3504 766 3575 injuris.
894 3504 953 3556 sitis
966 3504 1170 3578 intelligebatur,
1189 3524 1241 3557 esse
1257 3525 1288 3558 ex
1304 3504 1405 3558 sebolio

366 3600 389 3631 a.
408 3580 468 3631 Non
483 3594 571 3634 omnes
581 3585 655 3651 grati
664 3586 752 3636 debere
763 3588 848 3637 sciunt
893 3582 1004 3653 quodem
1017 3582 1115 3636 inrecte
1124 3601 1132 3633 t
1141 3583 1261 3654 ignorem
1269 3595 1358 3636 autern
1369 3604 1404 3635 ee·

332 3656 489 3726 bemficium.
507 3658 648 3729 Iagraugr
661 3658 735 3712 vertit
753 3679 762 3712 .·
778 3660 847 3715 Tout
894 3659 952 3713 deur
963 3661 1040 3713 verbe
1051 3661 1218 3735 probetissirni
1229 3664 1347 3733 quinque
1356 3683 1404 3715 co-

332 3736 356 3785 le
363 3734 457 3786 monde
467 3753 499 3786 us
508 3739 563 3787 suit
571 3756 624 3804 par
635 3740 717 3789 sentit
726 3758 763 3789 un
772 3738 845 3792 bien-
894 3738 971 3802 dices,
984 3743 1047 3813 Arg.
1060 3742 1084 3793 b.
1096 3739 1153 3791 Par.
1166 3740 1191 3793 b.
1204 3740 1230 3789 d.
1244 3739 1318 3791 Pine·
1329 3740 1403 3792 blod.

321 3810 395 3879 sain
405 3828 459 3862 non
471 3812 529 3864 setis
539 3809 659 3865 fideliter.
893 3819 954 3891 Ops.
965 3816 1194 3885 ssim-Utique
1204 3817 1360 3884 dsmpmpe
1368 3826 1405 3871 est

365 3886 388 3941 3.
400 3886 492 3941 Potest
500 3892 581 3942 etsirm
588 3892 748 3959 impmdens.
756 3894 778 3945 I.
785 3893 844 3945 stul·
892 3894 928 3947 ab
938 3906 1046 3963 accepto·
1056 3896 1078 3947 I.
1089 3914 1110 3946 e·
1123 3893 1148 3946 in
1160 3895 1255 3947 receuti
1264 3893 1402 3957 beneficio,

331 3976 384 4032 tus,
406 3986 481 4037 quern
502 3968 607 4039 opponit
625 3968 747 4042 sapienti,
759 3984 843 4043 gratus
892 3973 961 4045 quod
978 3974 1094 4026 nondum
1111 3973 1210 4026 excidit.
1225 3974 1295 4024 Nom
1309 3974 1402 4046 vulgus

331 4062 384 4095 esse
403 4054 484 4117 potest
501 4044 544 4097 sed
558 4048 648 4115 nescit,
663 4057 788 4120 quantum
801 4051 844 4103 de·
891 4052 1035 4104 vetustioris
1048 4050 1211 4104 obliviscitur.
1226 4050 1301 4121 lips.

330 4122 531 4189 bent,rstionem
545 4145 598 4179 nou
608 4126 703 4179 babens
712 4129 841 4199 temporis,
925 4133 948 4183 5.
965 4130 1026 4183 Nou
1041 4131 1296 4198 dicimustgrats'am
1315 4130 1402 4181 reddi·

330 4202 409 4254 enimi
417 4214 463 4257 otc.
469 4222 522 4273 ¹quo
532 4203 654 4259 beneficia
663 4205 794 4262 deltontur.
805 4206 841 4261 R.
891 4212 940 4263 dit.
952 4209 1021 4262 Raro
1037 4196 1124 4261 sallem
1140 4206 1266 4277 occurrit,
1283 4228 1310 4259 v.
1326 4226 1349 4260 c
1362 4226 1399 4280 ap.
