<?xml version="1.0" encoding="UTF-8"?>
<!DOCTYPE html PUBLIC "-//W3C//DTD XHTML 1.0 Transitional//EN"
    "http://www.w3.org/TR/xhtml1/DTD/xhtml1-transitional.dtd">
<html xmlns="http://www.w3.org/1999/xhtml" xml:lang="en" lang="en">
 <head>
  <title>
</title>
<meta http-equiv="Content-Type" content="text/html;charset=utf-8" />
  <meta name='ocr-system' content='tesseract 3.04.00' />
  <meta name='ocr-capabilities' content='ocr_page ocr_carea ocr_par ocr_line ocrx_word'/>
</head>
<body>
  <div class='ocr_page' id='page_1' title='image "./lannsenecparspr03bouigoog_0098.png"; bbox 0 0 2975 4992; ppageno 0'>
   <div class='ocr_carea' id='block_1_1' title="bbox 745 186 756 218">
    <p class='ocr_par' dir='ltr' id='par_1_1' title="bbox 745 186 756 218">
     <span class='ocr_line' id='line_1_1' title="bbox 745 186 756 218; baseline 0 0"><span class='ocrx_word' id='word_1_1' title='bbox 745 186 756 218; x_wconf 63' lang='lat' dir='ltr'><strong>i</strong></span> 
     </span>
    </p>
   </div>
   <div class='ocr_carea' id='block_1_2' title="bbox 290 357 1072 431">
    <p class='ocr_par' dir='ltr' id='par_1_2' title="bbox 290 357 1072 431">
     <span class='ocr_line' id='line_1_2' title="bbox 290 357 1072 431; baseline -0.003 0"><span class='ocrx_word' id='word_1_2' title='bbox 290 362 336 431; x_wconf 84' lang='lat'><strong>86</strong></span> <span class='ocrx_word' id='word_1_3' title='bbox 593 360 635 428; x_wconf 77' lang='lat'><strong>1..</strong></span> <span class='ocrx_word' id='word_1_4' title='bbox 659 357 835 428; x_wconf 78' lang='lat' dir='ltr'><strong>ANNAEI</strong></span> <span class='ocrx_word' id='word_1_5' title='bbox 858 357 1072 429; x_wconf 81' lang='lat' dir='ltr'>SENECAE</span> 
     </span>
    </p>
   </div>
   <div class='ocr_carea' id='block_1_3' title="bbox 249 486 1366 1737">
    <p class='ocr_par' dir='ltr' id='par_1_3' title="bbox 249 486 1366 1737">
     <span class='ocr_line' id='line_1_3' title="bbox 285 486 1365 583; baseline 0.002 -24"><span class='ocrx_word' id='word_1_6' title='bbox 285 505 328 559; x_wconf 88' lang='lat' dir='ltr'><strong>ut</strong></span> <span class='ocrx_word' id='word_1_7' title='bbox 342 486 502 583; x_wconf 84' lang='lat' dir='ltr'><strong>prodesse</strong></span> <span class='ocrx_word' id='word_1_8' title='bbox 514 488 669 581; x_wconf 86' lang='lat' dir='ltr'><strong>pluribus</strong></span> <span class='ocrx_word' id='word_1_9' title='bbox 682 490 821 582; x_wconf 88' lang='lat' dir='ltr'><strong>possim.</strong></span> <span class='ocrx_word' id='word_1_10' title='bbox 834 490 974 559; x_wconf 88' lang='lat' dir='ltr'><strong>Nullus¹</strong></span> <span class='ocrx_word' id='word_1_11' title='bbox 993 490 1078 558; x_wconf 88' lang='lat' dir='ltr'><strong>mihi</strong></span> <span class='ocrx_word' id='word_1_12' title='bbox 1090 512 1153 583; x_wconf 88' lang='lat' dir='ltr'><strong>per</strong></span> <span class='ocrx_word' id='word_1_13' title='bbox 1165 491 1274 561; x_wconf 83' lang='lat' dir='ltr'><strong>otium</strong></span> <span class='ocrx_word' id='word_1_14' title='bbox 1287 490 1365 561; x_wconf 82' lang='lat' dir='ltr'><strong>dies</strong></span> 
     </span>
     <span class='ocr_line' id='line_1_4' title="bbox 289 604 1362 699; baseline 0.002 -25"><span class='ocrx_word' id='word_1_15' title='bbox 289 606 376 689; x_wconf 65' lang='lat' dir='ltr'><strong>exit,</strong></span> <span class='ocrx_word' id='word_1_16' title='bbox 396 620 526 698; x_wconf 87' lang='lat' dir='ltr'><strong>partem</strong></span> <span class='ocrx_word' id='word_1_17' title='bbox 546 606 696 677; x_wconf 87' lang='lat' dir='ltr'><strong>noctium</strong></span> <span class='ocrx_word' id='word_1_18' title='bbox 713 604 835 673; x_wconf 81' lang='lat' dir='ltr'><strong>studiis</strong></span> <span class='ocrx_word' id='word_1_19' title='bbox 851 604 1013 691; x_wconf 77' lang='lat' dir='ltr'><strong>vindi003</strong></span> <span class='ocrx_word' id='word_1_20' title='bbox 1029 629 1100 699; x_wconf 83' lang='lat' dir='ltr'><strong>non</strong></span> <span class='ocrx_word' id='word_1_21' title='bbox 1117 629 1201 674; x_wconf 85' lang='lat' dir='ltr'><strong>vaco</strong></span> <span class='ocrx_word' id='word_1_22' title='bbox 1218 631 1362 689; x_wconf 86' lang='lat' dir='ltr'><strong>somno,</strong></span> 
     </span>
     <span class='ocr_line' id='line_1_5' title="bbox 288 720 1360 816; baseline 0.001 -25"><span class='ocrx_word' id='word_1_23' title='bbox 288 722 349 791; x_wconf 88' lang='lat' dir='ltr'><strong>sed</strong></span> <span class='ocrx_word' id='word_1_24' title='bbox 369 722 572 807; x_wconf 66' lang='lat' dir='ltr'><strong>succumbo,</strong></span> <span class='ocrx_word' id='word_1_25' title='bbox 593 736 628 791; x_wconf 92' lang='lat' dir='ltr'><strong>et</strong></span> <span class='ocrx_word' id='word_1_26' title='bbox 640 720 777 803; x_wconf 86' lang='lat' dir='ltr'><strong>oculos,</strong></span> <span class='ocrx_word' id='word_1_27' title='bbox 795 720 912 814; x_wconf 69' lang='lat' dir='ltr'><strong>vigilia</strong></span> <span class='ocrx_word' id='word_1_28' title='bbox 932 722 1087 815; x_wconf 77' lang='lat' dir='ltr'><strong>fatigatos</strong></span> <span class='ocrx_word' id='word_1_29' title='bbox 1102 720 1360 816; x_wconf 68' lang='lat' dir='ltr'>cadentesque,</span> 
     </span>
     <span class='ocr_line' id='line_1_6' title="bbox 289 836 1365 930; baseline 0.002 -25"><span class='ocrx_word' id='word_1_30' title='bbox 289 839 326 913; x_wconf 87' lang='lat' dir='ltr'><strong>in</strong></span> <span class='ocrx_word' id='word_1_31' title='bbox 344 862 446 930; x_wconf 90' lang='lat' dir='ltr'><strong>opere</strong></span> <span class='ocrx_word' id='word_1_32' title='bbox 458 836 608 906; x_wconf 83' lang='lat' dir='ltr'><strong>detineo.</strong></span> <span class='ocrx_word' id='word_1_33' title='bbox 628 838 758 905; x_wconf 83' lang='lat' dir='ltr'><strong>Secessi</strong></span> <span class='ocrx_word' id='word_1_34' title='bbox 775 860 845 905; x_wconf 92' lang='lat' dir='ltr'><strong>non</strong></span> <span class='ocrx_word' id='word_1_35' title='bbox 861 851 992 907; x_wconf 81' lang='lat' dir='ltr'><strong>tanum</strong></span> <span class='ocrx_word' id='word_1_36' title='bbox 1005 838 1049 905; x_wconf 91' lang='lat' dir='ltr'><strong>ab</strong></span> <span class='ocrx_word' id='word_1_37' title='bbox 1061 837 1280 922; x_wconf 86' lang='lat' dir='ltr'><strong>homiuibus,</strong></span> <span class='ocrx_word' id='word_1_38' title='bbox 1300 838 1365 907; x_wconf 89' lang='lat' dir='ltr'><strong>sed</strong></span> 
     </span>
     <span class='ocr_line' id='line_1_7' title="bbox 249 946 1366 1049; baseline 0.004 -27"><span class='ocrx_word' id='word_1_39' title='bbox 249 1013 263 1046; x_wconf 60' lang='lat'>2</span> <span class='ocrx_word' id='word_1_40' title='bbox 288 956 390 1023; x_wconf 89' lang='lat' dir='ltr'><strong>etiam</strong></span> <span class='ocrx_word' id='word_1_41' title='bbox 407 979 429 1022; x_wconf 89' lang='lat' dir='ltr'><strong>a</strong></span> <span class='ocrx_word' id='word_1_42' title='bbox 444 954 583 1036; x_wconf 85' lang='lat' dir='ltr'><strong>rebus²,</strong></span> <span class='ocrx_word' id='word_1_43' title='bbox 612 969 646 1020; x_wconf 90' lang='lat' dir='ltr'><strong>et</strong></span> <span class='ocrx_word' id='word_1_44' title='bbox 672 954 820 1046; x_wconf 90' lang='lat' dir='ltr'><strong>primum</strong></span> <span class='ocrx_word' id='word_1_45' title='bbox 839 978 861 1021; x_wconf 89' lang='lat' dir='ltr'><strong>a</strong></span> <span class='ocrx_word' id='word_1_46' title='bbox 878 946 998 1023; x_wconf 82' lang='lat' dir='ltr'><strong>meis³.</strong></span> <span class='ocrx_word' id='word_1_47' title='bbox 1018 958 1234 1025; x_wconf 83' lang='lat' dir='ltr'><strong>Posteronsm</strong></span> <span class='ocrx_word' id='word_1_48' title='bbox 1249 979 1366 1049; x_wconf 75' lang='lat' dir='ltr'><strong>nego-</strong></span> 
     </span>
     <span class='ocr_line' id='line_1_8' title="bbox 290 1066 1361 1162; baseline 0 -23"><span class='ocrx_word' id='word_1_49' title='bbox 290 1073 374 1139; x_wconf 84' lang='lat' dir='ltr'>tium</span> <span class='ocrx_word' id='word_1_50' title='bbox 384 1094 448 1161; x_wconf 79' lang='lat' dir='ltr'><strong>ago</strong></span> <span class='ocrx_word' id='word_1_51' title='bbox 462 1096 469 1135; x_wconf 95' lang='lat'><strong>:</strong></span> <span class='ocrx_word' id='word_1_52' title='bbox 483 1070 551 1138; x_wconf 87' lang='lat' dir='ltr'><strong>illis</strong></span> <span class='ocrx_word' id='word_1_53' title='bbox 565 1066 699 1161; x_wconf 87' lang='lat' dir='ltr'><strong>aliqua,</strong></span> <span class='ocrx_word' id='word_1_54' title='bbox 715 1092 792 1161; x_wconf 82' lang='lat' dir='ltr'><strong>quae</strong></span> <span class='ocrx_word' id='word_1_55' title='bbox 801 1070 933 1162; x_wconf 85' lang='lat' dir='ltr'><strong>possint</strong></span> <span class='ocrx_word' id='word_1_56' title='bbox 942 1070 1122 1162; x_wconf 84' lang='lat' dir='ltr'><strong>prodesse,</strong></span> <span class='ocrx_word' id='word_1_57' title='bbox 1139 1067 1338 1143; x_wconf 76' lang='lat' dir='ltr'><strong>⁴oonscribo</strong></span> <span class='ocrx_word' id='word_1_58' title='bbox 1352 1100 1361 1139; x_wconf 92' lang='lat'>:</span> 
     </span>
     <span class='ocr_line' id='line_1_9' title="bbox 288 1182 1366 1278; baseline 0.003 -22"><span class='ocrx_word' id='word_1_59' title='bbox 288 1188 450 1257; x_wconf 83' lang='lat' dir='ltr'><strong>salutares</strong></span> <span class='ocrx_word' id='word_1_60' title='bbox 473 1182 737 1265; x_wconf 79' lang='lat' dir='ltr'><strong>admonitiones,</strong></span> <span class='ocrx_word' id='word_1_61' title='bbox 767 1183 859 1252; x_wconf 83' lang='lat' dir='ltr'><strong>velut</strong></span> <span class='ocrx_word' id='word_1_62' title='bbox 884 1186 1209 1278; x_wconf 65' lang='lat' dir='ltr'><strong>medicamentorum</strong></span> <span class='ocrx_word' id='word_1_63' title='bbox 1228 1190 1366 1259; x_wconf 89' lang='lat' dir='ltr'><strong>utilium</strong></span> 
     </span>
     <span class='ocr_line' id='line_1_10' title="bbox 288 1297 1366 1393; baseline 0.004 -24"><span class='ocrx_word' id='word_1_64' title='bbox 288 1301 566 1393; x_wconf 67' lang='lat' dir='ltr'><strong>compositiones,</strong></span> <span class='ocrx_word' id='word_1_65' title='bbox 582 1298 703 1367; x_wconf 84' lang='lat' dir='ltr'><strong>litteris</strong></span> <span class='ocrx_word' id='word_1_66' title='bbox 713 1297 858 1381; x_wconf 74' lang='lat' dir='ltr'><strong>mand03</strong></span> <span class='ocrx_word' id='word_1_67' title='bbox 873 1322 947 1367; x_wconf 86' lang='lat' dir='ltr'><strong>esse</strong></span> <span class='ocrx_word' id='word_1_68' title='bbox 963 1299 1038 1368; x_wconf 87' lang='lat' dir='ltr'><strong>illas</strong></span> <span class='ocrx_word' id='word_1_69' title='bbox 1051 1301 1208 1371; x_wconf 84' lang='lat' dir='ltr'><strong>efficaces</strong></span> <span class='ocrx_word' id='word_1_70' title='bbox 1224 1304 1263 1371; x_wconf 89' lang='lat' dir='ltr'><strong>in</strong></span> <span class='ocrx_word' id='word_1_71' title='bbox 1280 1306 1366 1373; x_wconf 85' lang='lat' dir='ltr'><strong>meis</strong></span> 
     </span>
     <span class='ocr_line' id='line_1_11' title="bbox 289 1406 1361 1507; baseline 0.005 -25"><span class='ocrx_word' id='word_1_72' title='bbox 289 1408 486 1489; x_wconf 83' lang='lat' dir='ltr'><strong>ulceribus⁵</strong></span> <span class='ocrx_word' id='word_1_73' title='bbox 505 1429 681 1507; x_wconf 85' lang='lat' dir='ltr'><strong>expertus,</strong></span> <span class='ocrx_word' id='word_1_74' title='bbox 707 1437 805 1507; x_wconf 83' lang='lat' dir='ltr'><strong>quae,</strong></span> <span class='ocrx_word' id='word_1_75' title='bbox 827 1414 958 1481; x_wconf 87' lang='lat' dir='ltr'><strong>etiamsi</strong></span> <span class='ocrx_word' id='word_1_76' title='bbox 980 1406 1159 1507; x_wconf 78' lang='lat' dir='ltr'><strong>persanata</strong></span> <span class='ocrx_word' id='word_1_77' title='bbox 1177 1435 1361 1503; x_wconf 78' lang='lat' dir='ltr'><strong>nunaunt,</strong></span> 
     </span>
     <span class='ocr_line' id='line_1_12' title="bbox 291 1524 1366 1627; baseline 0.003 -27"><span class='ocrx_word' id='word_1_78' title='bbox 291 1524 451 1625; x_wconf 84' lang='lat' dir='ltr'><strong>serpere⁶</strong></span> <span class='ocrx_word' id='word_1_79' title='bbox 471 1529 657 1598; x_wconf 88' lang='lat' dir='ltr'><strong>desierunt.</strong></span> <span class='ocrx_word' id='word_1_80' title='bbox 685 1533 829 1597; x_wconf 84' lang='lat' dir='ltr'><strong>Rectum</strong></span> <span class='ocrx_word' id='word_1_81' title='bbox 850 1531 929 1612; x_wconf 86' lang='lat' dir='ltr'><strong>iter,</strong></span> <span class='ocrx_word' id='word_1_82' title='bbox 957 1530 1051 1622; x_wconf 91' lang='lat' dir='ltr'><strong>quod</strong></span> <span class='ocrx_word' id='word_1_83' title='bbox 1073 1556 1149 1599; x_wconf 82' lang='lat' dir='ltr'><strong>sero</strong></span> <span class='ocrx_word' id='word_1_84' title='bbox 1167 1537 1314 1627; x_wconf 77' lang='lat' dir='ltr'><strong>cognovi</strong></span> <span class='ocrx_word' id='word_1_85' title='bbox 1329 1551 1366 1603; x_wconf 92' lang='lat' dir='ltr'><strong>et</strong></span> 
     </span>
     <span class='ocr_line' id='line_1_13' title="bbox 290 1642 1364 1737; baseline 0.005 -27"><span class='ocrx_word' id='word_1_86' title='bbox 290 1643 397 1712; x_wconf 84' lang='lat' dir='ltr'><strong>lassus</strong></span> <span class='ocrx_word' id='word_1_87' title='bbox 415 1642 581 1725; x_wconf 86' lang='lat' dir='ltr'><strong>errando,</strong></span> <span class='ocrx_word' id='word_1_88' title='bbox 600 1642 677 1710; x_wconf 85' lang='lat' dir='ltr'><strong>aliis</strong></span> <span class='ocrx_word' id='word_1_89' title='bbox 693 1642 1016 1711; x_wconf 82' lang='lat' dir='ltr'><strong>monstro.&#39;Clam0:</strong></span> <span class='ocrx_word' id='word_1_90' title='bbox 1037 1646 1177 1713; x_wconf 72' lang='lat' dir='ltr'><strong>«vitate</strong></span> <span class='ocrx_word' id='word_1_91' title='bbox 1189 1671 1364 1737; x_wconf 85' lang='lat' dir='ltr'><strong>quaecum-</strong></span> 
     </span>
    </p>
   </div>
   <div class='ocr_carea' id='block_1_4' title="bbox 252 1756 1365 2087">
    <p class='ocr_par' dir='ltr' id='par_1_4' title="bbox 252 1756 1365 2087">
     <span class='ocr_line' id='line_1_14' title="bbox 291 1756 1365 1855; baseline 0.004 -26"><span class='ocrx_word' id='word_1_92' title='bbox 291 1785 358 1852; x_wconf 90' lang='lat' dir='ltr'><strong>que</strong></span> <span class='ocrx_word' id='word_1_93' title='bbox 375 1760 477 1855; x_wconf 80' lang='lat' dir='ltr'><strong>vulgo</strong></span> <span class='ocrx_word' id='word_1_94' title='bbox 494 1760 646 1853; x_wconf 87' lang='lat' dir='ltr'><strong>placent,</strong></span> <span class='ocrx_word' id='word_1_95' title='bbox 668 1784 743 1851; x_wconf 85' lang='lat' dir='ltr'><strong>quae</strong></span> <span class='ocrx_word' id='word_1_96' title='bbox 759 1782 856 1827; x_wconf 84' lang='lat' dir='ltr'><strong>casus</strong></span> <span class='ocrx_word' id='word_1_97' title='bbox 866 1756 1043 1827; x_wconf 82' lang='lat' dir='ltr'><strong>attribuit!</strong></span> <span class='ocrx_word' id='word_1_98' title='bbox 1063 1759 1108 1830; x_wconf 91' lang='lat' dir='ltr'><strong>ad</strong></span> <span class='ocrx_word' id='word_1_99' title='bbox 1123 1786 1224 1831; x_wconf 92' lang='lat' dir='ltr'><strong>omne</strong></span> <span class='ocrx_word' id='word_1_100' title='bbox 1241 1764 1365 1833; x_wconf 82' lang='lat' dir='ltr'><strong>fortui-</strong></span> 
     </span>
     <span class='ocr_line' id='line_1_15' title="bbox 252 1866 1363 1967; baseline 0.005 -24"><span class='ocrx_word' id='word_1_101' title='bbox 252 1908 269 1965; x_wconf 77' lang='lat'>3</span> <span class='ocrx_word' id='word_1_102' title='bbox 291 1891 362 1943; x_wconf 90' lang='lat' dir='ltr'><strong>tum</strong></span> <span class='ocrx_word' id='word_1_103' title='bbox 373 1875 520 1944; x_wconf 76' lang='lat' dir='ltr'><strong>lsonuml</strong></span> <span class='ocrx_word' id='word_1_104' title='bbox 541 1866 737 1967; x_wconf 81' lang='lat' dir='ltr'><strong>suspiciosi⁸</strong></span> <span class='ocrx_word' id='word_1_105' title='bbox 753 1874 934 1967; x_wconf 84' lang='lat' dir='ltr'><strong>pavidique</strong></span> <span class='ocrx_word' id='word_1_106' title='bbox 948 1872 1136 1943; x_wconf 84' lang='lat' dir='ltr'><strong>subsistite!</strong></span> <span class='ocrx_word' id='word_1_107' title='bbox 1155 1880 1197 1945; x_wconf 89' lang='lat' dir='ltr'><strong>Et</strong></span> <span class='ocrx_word' id='word_1_108' title='bbox 1210 1877 1304 1960; x_wconf 79' lang='lat' dir='ltr'><strong>fera,</strong></span> <span class='ocrx_word' id='word_1_109' title='bbox 1328 1896 1363 1948; x_wconf 91' lang='lat' dir='ltr'><strong>et</strong></span> 
     </span>
     <span class='ocr_line' id='line_1_16' title="bbox 278 1990 1364 2087; baseline 0.004 -26"><span class='ocrx_word' id='word_1_110' title='bbox 278 1995 417 2087; x_wconf 86' lang='lat' dir='ltr'><strong>piscis,</strong></span> <span class='ocrx_word' id='word_1_111' title='bbox 439 2016 499 2087; x_wconf 86' lang='lat' dir='ltr'><strong>spe</strong></span> <span class='ocrx_word' id='word_1_112' title='bbox 514 1992 627 2083; x_wconf 88' lang='lat' dir='ltr'><strong>aliqua</strong></span> <span class='ocrx_word' id='word_1_113' title='bbox 644 1990 833 2061; x_wconf 88' lang='lat' dir='ltr'><strong>oblectante</strong></span> <span class='ocrx_word' id='word_1_114' title='bbox 857 1990 1038 2085; x_wconf 82' lang='lat' dir='ltr'><strong>decipitur.</strong></span> <span class='ocrx_word' id='word_1_115' title='bbox 1056 1998 1199 2063; x_wconf 88' lang='lat' dir='ltr'><strong>Munera</strong></span> <span class='ocrx_word' id='word_1_116' title='bbox 1212 1998 1276 2064; x_wconf 83' lang='lat' dir='ltr'><strong>istu</strong></span> <span class='ocrx_word' id='word_1_117' title='bbox 1290 1998 1364 2065; x_wconf 84' lang='lat' dir='ltr'><strong>lor-</strong></span> 
     </span>
    </p>
   </div>
   <div class='ocr_carea' id='block_1_5' title="bbox 206 2229 1385 4017">
    <p class='ocr_par' dir='ltr' id='par_1_5' title="bbox 206 2229 1385 4017">
     <span class='ocr_line' id='line_1_17' title="bbox 292 2229 1365 2308; baseline 0.007 -25"><span class='ocrx_word' id='word_1_118' title='bbox 292 2234 393 2285; x_wconf 82' lang='lat' dir='ltr'><strong>r&#39;nterim</strong></span> <span class='ocrx_word' id='word_1_119' title='bbox 411 2244 504 2285; x_wconf 90' lang='lat' dir='ltr'><strong>tenent.</strong></span> <span class='ocrx_word' id='word_1_120' title='bbox 523 2232 591 2285; x_wconf 88' lang='lat' dir='ltr'><strong>Istud</strong></span> <span class='ocrx_word' id='word_1_121' title='bbox 604 2232 713 2285; x_wconf 82' lang='lat' dir='ltr'><strong>suadere</strong></span> <span class='ocrx_word' id='word_1_122' title='bbox 731 2232 801 2284; x_wconf 82' lang='lat' dir='ltr'><strong>haud</strong></span> <span class='ocrx_word' id='word_1_123' title='bbox 852 2229 890 2284; x_wconf 87' lang='lat' dir='ltr'><strong>ed.</strong></span> <span class='ocrx_word' id='word_1_124' title='bbox 901 2234 937 2283; x_wconf 82' lang='lat' dir='ltr'><strong>A.</strong></span> <span class='ocrx_word' id='word_1_125' title='bbox 948 2232 1044 2285; x_wconf 83' lang='lat' dir='ltr'><strong>Vocem</strong></span> <span class='ocrx_word' id='word_1_126' title='bbox 1061 2236 1137 2287; x_wconf 73' lang='lat' dir='ltr'><strong>udus</strong></span> <span class='ocrx_word' id='word_1_127' title='bbox 1150 2236 1239 2289; x_wconf 82' lang='lat' dir='ltr'><strong>merito</strong></span> <span class='ocrx_word' id='word_1_128' title='bbox 1252 2236 1306 2302; x_wconf 81' lang='lat' dir='ltr'><strong>(me</strong></span> <span class='ocrx_word' id='word_1_129' title='bbox 1318 2238 1365 2308; x_wconf 76' lang='lat' dir='ltr'><strong>jn·-</strong></span> 
     </span>
     <span class='ocr_line' id='line_1_18' title="bbox 294 2308 1365 2379; baseline 0.005 -16"><span class='ocrx_word' id='word_1_130' title='bbox 294 2309 370 2364; x_wconf 86' lang='lat' dir='ltr'><strong>dubie</strong></span> <span class='ocrx_word' id='word_1_131' title='bbox 380 2309 411 2364; x_wconf 90' lang='lat' dir='ltr'><strong>ab</strong></span> <span class='ocrx_word' id='word_1_132' title='bbox 421 2309 525 2363; x_wconf 84' lang='lat' dir='ltr'><strong>homine</strong></span> <span class='ocrx_word' id='word_1_133' title='bbox 536 2322 587 2362; x_wconf 87' lang='lat' dir='ltr'><strong>erat</strong></span> <span class='ocrx_word' id='word_1_134' title='bbox 599 2308 744 2373; x_wconf 80' lang='lat' dir='ltr'><strong>invectum,</strong></span> <span class='ocrx_word' id='word_1_135' title='bbox 756 2310 801 2379; x_wconf 85' lang='lat' dir='ltr'><strong>qui</strong></span> <span class='ocrx_word' id='word_1_136' title='bbox 846 2309 919 2373; x_wconf 79' lang='lat' dir='ltr'><strong>dice)</strong></span> <span class='ocrx_word' id='word_1_137' title='bbox 934 2310 1027 2363; x_wconf 79' lang='lat' dir='ltr'><strong>delevit</strong></span> <span class='ocrx_word' id='word_1_138' title='bbox 1036 2311 1167 2377; x_wconf 78' lang='lat' dir='ltr'><strong>Muretus,</strong></span> <span class='ocrx_word' id='word_1_139' title='bbox 1180 2325 1208 2366; x_wconf 87' lang='lat' dir='ltr'><strong>ut</strong></span> <span class='ocrx_word' id='word_1_140' title='bbox 1224 2333 1254 2366; x_wconf 81' lang='lat' dir='ltr'><strong>ex</strong></span> <span class='ocrx_word' id='word_1_141' title='bbox 1264 2314 1365 2369; x_wconf 80' lang='lat' dir='ltr'><strong>scholio</strong></span> 
     </span>
     <span class='ocr_line' id='line_1_19' title="bbox 292 2386 1036 2459; baseline -0.004 -18"><span class='ocrx_word' id='word_1_142' title='bbox 292 2408 346 2441; x_wconf 89' lang='lat' dir='ltr'><strong>non</strong></span> <span class='ocrx_word' id='word_1_143' title='bbox 359 2386 514 2440; x_wconf 70' lang='lat' dir='ltr'><strong>meminisset</strong></span> <span class='ocrx_word' id='word_1_144' title='bbox 530 2386 635 2439; x_wconf 81' lang='lat' dir='ltr'><strong>verbum</strong></span> <span class='ocrx_word' id='word_1_145' title='bbox 649 2389 732 2440; x_wconf 83' lang='lat' dir='ltr'><strong>sedere</strong></span> <span class='ocrx_word' id='word_1_146' title='bbox 744 2406 802 2459; x_wconf 85' lang='lat' dir='ltr'><strong>per-</strong></span> <span class='ocrx_word' id='word_1_147' title='bbox 850 2398 943 2439; x_wconf 85' lang='lat' dir='ltr'><strong>natam.</strong></span> <span class='ocrx_word' id='word_1_148' title='bbox 954 2386 1036 2439; x_wconf 73' lang='lat' dir='ltr'><strong>Sados.</strong></span> 
     </span>
     <span class='ocr_line' id='line_1_20' title="bbox 292 2463 1363 2542; baseline 0 -21"><span class='ocrx_word' id='word_1_149' title='bbox 292 2466 449 2521; x_wconf 77' lang='lat' dir='ltr'><strong>commodes</strong></span> <span class='ocrx_word' id='word_1_150' title='bbox 463 2465 559 2517; x_wconf 77' lang='lat' dir='ltr'><strong>Seneca</strong></span> <span class='ocrx_word' id='word_1_151' title='bbox 569 2464 610 2517; x_wconf 86' lang='lat' dir='ltr'><strong>hic</strong></span> <span class='ocrx_word' id='word_1_152' title='bbox 620 2464 681 2536; x_wconf 79' lang='lat' dir='ltr'><strong>poni</strong></span> <span class='ocrx_word' id='word_1_153' title='bbox 692 2464 800 2535; x_wconf 88' lang='lat' dir='ltr'><strong>potuisse</strong></span> <span class='ocrx_word' id='word_1_154' title='bbox 883 2466 906 2529; x_wconf 74' lang='grc'><strong>4.</strong></span> <span class='ocrx_word' id='word_1_155' title='bbox 923 2463 987 2515; x_wconf 82' lang='lat' dir='ltr'><strong>Illis</strong></span> <span class='ocrx_word' id='word_1_156' title='bbox 997 2466 1092 2532; x_wconf 79' lang='lat' dir='ltr'><strong>aliqua</strong></span> <span class='ocrx_word' id='word_1_157' title='bbox 1093 2502 1134 2520; x_wconf 83' lang='grc'><strong>.....</strong></span> <span class='ocrx_word' id='word_1_158' title='bbox 1145 2469 1282 2522; x_wconf 73' lang='lat' dir='ltr'><strong>conscribo.</strong></span> <span class='ocrx_word' id='word_1_159' title='bbox 1295 2469 1363 2542; x_wconf 85' lang='lat' dir='ltr'><strong>Spe-</strong></span> 
     </span>
     <span class='ocr_line' id='line_1_21' title="bbox 293 2540 1363 2617; baseline 0.004 -22"><span class='ocrx_word' id='word_1_160' title='bbox 293 2546 476 2615; x_wconf 68' lang='lat' dir='ltr'><strong>protestatem,</strong></span> <span class='ocrx_word' id='word_1_161' title='bbox 494 2543 608 2595; x_wconf 80' lang='lat' dir='ltr'><strong>otiosum</strong></span> <span class='ocrx_word' id='word_1_162' title='bbox 628 2544 724 2605; x_wconf 72' lang='lat' dir='ltr'><strong>redere:</strong></span> <span class='ocrx_word' id='word_1_163' title='bbox 740 2542 800 2608; x_wconf 77' lang='lat' dir='ltr'><strong>Quo</strong></span> <span class='ocrx_word' id='word_1_164' title='bbox 850 2550 918 2591; x_wconf 82' lang='lat' dir='ltr'><strong>etant</strong></span> <span class='ocrx_word' id='word_1_165' title='bbox 940 2541 995 2593; x_wconf 81' lang='lat' dir='ltr'><strong>haee</strong></span> <span class='ocrx_word' id='word_1_166' title='bbox 1013 2540 1154 2612; x_wconf 59' lang='lat' dir='ltr'><strong>inprimis,</strong></span> <span class='ocrx_word' id='word_1_167' title='bbox 1172 2543 1315 2617; x_wconf 82' lang='lat' dir='ltr'><strong>utopinor,</strong></span> <span class='ocrx_word' id='word_1_168' title='bbox 1328 2546 1363 2599; x_wconf 80' lang='lat' dir='ltr'><strong>ad</strong></span> 
     </span>
     <span class='ocr_line' id='line_1_22' title="bbox 206 2618 1363 2692; baseline 0.001 -17"><span class='ocrx_word' id='word_1_169' title='bbox 206 2654 211 2675; x_wconf 83' lang='lat' dir='ltr'><strong>t</strong></span> <span class='ocrx_word' id='word_1_170' title='bbox 257 2680 259 2685; x_wconf 54' lang='grc'>,</span> <span class='ocrx_word' id='word_1_171' title='bbox 289 2622 372 2690; x_wconf 79' lang='lat' dir='ltr'><strong>laeto,</strong></span> <span class='ocrx_word' id='word_1_172' title='bbox 395 2620 472 2692; x_wconf 80' lang='lat' dir='ltr'><strong>Quid</strong></span> <span class='ocrx_word' id='word_1_173' title='bbox 490 2638 505 2671; x_wconf 86' lang='lat' dir='ltr'><strong>a</strong></span> <span class='ocrx_word' id='word_1_174' title='bbox 525 2618 656 2673; x_wconf 85' lang='lat' dir='ltr'><strong>nonnullis</strong></span> <span class='ocrx_word' id='word_1_175' title='bbox 672 2620 700 2671; x_wconf 90' lang='lat' dir='ltr'><strong>in</strong></span> <span class='ocrx_word' id='word_1_176' title='bbox 722 2619 821 2692; x_wconf 80' lang='lat' dir='ltr'><strong>Quod‘</strong></span> <span class='ocrx_word' id='word_1_177' title='bbox 851 2618 955 2673; x_wconf 77' lang='lat' dir='ltr'><strong>Senecas</strong></span> <span class='ocrx_word' id='word_1_178' title='bbox 975 2619 1112 2678; x_wconf 76' lang='lat' dir='ltr'><strong>Moralium</strong></span> <span class='ocrx_word' id='word_1_179' title='bbox 1131 2620 1208 2675; x_wconf 83' lang='lat' dir='ltr'><strong>liltros</strong></span> <span class='ocrx_word' id='word_1_180' title='bbox 1227 2622 1363 2675; x_wconf 85' lang='lat' dir='ltr'><strong>nuuede-</strong></span> 
     </span>
     <span class='ocr_line' id='line_1_23' title="bbox 289 2696 1361 2768; baseline 0.003 -17"><span class='ocrx_word' id='word_1_181' title='bbox 289 2712 415 2752; x_wconf 81' lang='lat' dir='ltr'><strong>mutatum</strong></span> <span class='ocrx_word' id='word_1_182' title='bbox 434 2711 470 2751; x_wconf 86' lang='lat' dir='ltr'><strong>est</strong></span> <span class='ocrx_word' id='word_1_183' title='bbox 481 2717 488 2752; x_wconf 80' lang='lat' dir='ltr'><strong>t</strong></span> <span class='ocrx_word' id='word_1_184' title='bbox 500 2698 544 2752; x_wconf 86' lang='lat' dir='ltr'><strong>sed</strong></span> <span class='ocrx_word' id='word_1_185' title='bbox 557 2698 601 2751; x_wconf 80' lang='lat' dir='ltr'><strong>alii</strong></span> <span class='ocrx_word' id='word_1_186' title='bbox 620 2697 697 2768; x_wconf 81' lang='lat' dir='ltr'><strong>Quid</strong></span> <span class='ocrx_word' id='word_1_187' title='bbox 706 2709 801 2757; x_wconf 79' lang='lat' dir='ltr'><strong>tenent.</strong></span> <span class='ocrx_word' id='word_1_188' title='bbox 849 2696 974 2768; x_wconf 83' lang='lat' dir='ltr'><strong>perditos,</strong></span> <span class='ocrx_word' id='word_1_189' title='bbox 987 2697 1015 2749; x_wconf 89' lang='lat' dir='ltr'><strong>in</strong></span> <span class='ocrx_word' id='word_1_190' title='bbox 1028 2698 1164 2765; x_wconf 80' lang='lat' dir='ltr'><strong>quibusda</strong></span> <span class='ocrx_word' id='word_1_191' title='bbox 1175 2699 1247 2753; x_wconf 80' lang='lat' dir='ltr'><strong>omui</strong></span> <span class='ocrx_word' id='word_1_192' title='bbox 1256 2701 1361 2755; x_wconf 77' lang='lat' dir='ltr'><strong>materia</strong></span> 
     </span>
     <span class='ocr_line' id='line_1_24' title="bbox 289 2772 1385 2851; baseline 0.005 -24"><span class='ocrx_word' id='word_1_193' title='bbox 289 2775 325 2827; x_wconf 87' lang='lat' dir='ltr'><strong>Et</strong></span> <span class='ocrx_word' id='word_1_194' title='bbox 335 2776 392 2829; x_wconf 87' lang='lat' dir='ltr'><strong>ond.</strong></span> <span class='ocrx_word' id='word_1_195' title='bbox 406 2794 428 2827; x_wconf 86' lang='lat' dir='ltr'><strong>e.</strong></span> <span class='ocrx_word' id='word_1_196' title='bbox 445 2774 549 2845; x_wconf 80' lang='lat' dir='ltr'><strong>quidem</strong></span> <span class='ocrx_word' id='word_1_197' title='bbox 562 2786 680 2846; x_wconf 78' lang='lat' dir='ltr'><strong>praeterea</strong></span> <span class='ocrx_word' id='word_1_198' title='bbox 698 2794 800 2847; x_wconf 56' lang='lat' dir='ltr'><strong>praepo</strong></span> <span class='ocrx_word' id='word_1_199' title='bbox 849 2774 882 2825; x_wconf 85' lang='lat' dir='ltr'><strong>sd</strong></span> <span class='ocrx_word' id='word_1_200' title='bbox 903 2772 1095 2845; x_wconf 76' lang='lat' dir='ltr'><strong>Philosophiam</strong></span> <span class='ocrx_word' id='word_1_201' title='bbox 1113 2796 1216 2831; x_wconf 84' lang='lat' dir='ltr'><strong>moroan</strong></span> <span class='ocrx_word' id='word_1_202' title='bbox 1233 2791 1361 2851; x_wconf 74' lang='lat' dir='ltr'><strong>spectante</strong></span> <span class='ocrx_word' id='word_1_203' title='bbox 1381 2778 1385 2787; x_wconf 84' lang='lat'>&#39;</span> 
     </span>
     <span class='ocr_line' id='line_1_25' title="bbox 288 2850 1361 2927; baseline 0.002 -22"><span class='ocrx_word' id='word_1_204' title='bbox 288 2852 365 2905; x_wconf 81' lang='lat' dir='ltr'><strong>ltabet</strong></span> <span class='ocrx_word' id='word_1_205' title='bbox 385 2872 461 2921; x_wconf 62' lang='lat' dir='ltr'><strong>eran,</strong></span> <span class='ocrx_word' id='word_1_206' title='bbox 484 2872 518 2905; x_wconf 86' lang='lat' dir='ltr'><strong>ne</strong></span> <span class='ocrx_word' id='word_1_207' title='bbox 538 2852 565 2905; x_wconf 91' lang='lat' dir='ltr'><strong>id</strong></span> <span class='ocrx_word' id='word_1_208' title='bbox 588 2850 692 2923; x_wconf 87' lang='lat' dir='ltr'><strong>quidem</strong></span> <span class='ocrx_word' id='word_1_209' title='bbox 712 2850 801 2914; x_wconf 74' lang='lat' dir='ltr'><strong>males</strong></span> <span class='ocrx_word' id='word_1_210' title='bbox 848 2850 927 2903; x_wconf 79' lang='lat' dir='ltr'><strong>fusius</strong></span> <span class='ocrx_word' id='word_1_211' title='bbox 943 2850 1126 2925; x_wconf 79' lang='lat' dir='ltr'><strong>disputaverat,</strong></span> <span class='ocrx_word' id='word_1_212' title='bbox 1149 2867 1178 2908; x_wconf 90' lang='lat' dir='ltr'><strong>ut</strong></span> <span class='ocrx_word' id='word_1_213' title='bbox 1198 2855 1285 2909; x_wconf 85' lang='lat' dir='ltr'><strong>innuit</strong></span> <span class='ocrx_word' id='word_1_214' title='bbox 1308 2855 1361 2927; x_wconf 83' lang='lat' dir='ltr'><strong>ipse</strong></span> 
     </span>
     <span class='ocr_line' id='line_1_26' title="bbox 293 2926 1361 3003; baseline 0.001 -20"><span class='ocrx_word' id='word_1_215' title='bbox 293 2929 368 3001; x_wconf 84' lang='lat' dir='ltr'><strong>Quid</strong></span> <span class='ocrx_word' id='word_1_216' title='bbox 374 2933 458 2999; x_wconf 66' lang='lat' dir='ltr'><strong>ergo?</strong></span> <span class='ocrx_word' id='word_1_217' title='bbox 470 2930 519 2983; x_wconf 76' lang='lat' dir='ltr'><strong>tibi</strong></span> <span class='ocrx_word' id='word_1_218' title='bbox 531 2931 636 2995; x_wconf 80' lang='lat' dir='ltr'><strong>videor,</strong></span> <span class='ocrx_word' id='word_1_219' title='bbox 648 2942 693 2981; x_wconf 86' lang='lat' dir='ltr'><strong>etc.</strong></span> <span class='ocrx_word' id='word_1_220' title='bbox 702 2928 782 3003; x_wconf 67' lang='lat' dir='ltr'><strong>Sedu.</strong></span> <span class='ocrx_word' id='word_1_221' title='bbox 847 2926 927 2998; x_wconf 85' lang='lat' dir='ltr'><strong>Epist.</strong></span> <span class='ocrx_word' id='word_1_222' title='bbox 939 2942 999 2994; x_wconf 80' lang='lat' dir='ltr'><strong>cvr,</strong></span> <span class='ocrx_word' id='word_1_223' title='bbox 1012 2950 1034 2982; x_wconf 82' lang='lat' dir='ltr'><strong>a.</strong></span> <span class='ocrx_word' id='word_1_224' title='bbox 1049 2944 1136 2995; x_wconf 72' lang='lat' dir='ltr'><strong>ertu,</strong></span> <span class='ocrx_word' id='word_1_225' title='bbox 1151 2950 1171 2981; x_wconf 86' lang='lat' dir='ltr'><strong>a.</strong></span> <span class='ocrx_word' id='word_1_226' title='bbox 1186 2945 1246 2996; x_wconf 80' lang='lat' dir='ltr'><strong>clx,</strong></span> <span class='ocrx_word' id='word_1_227' title='bbox 1265 2932 1303 2995; x_wconf 71' lang='lat'><strong>¹4·</strong></span> <span class='ocrx_word' id='word_1_228' title='bbox 1320 2932 1361 2985; x_wconf 76' lang='lat' dir='ltr'><strong>Cf.</strong></span> 
     </span>
     <span class='ocr_line' id='line_1_27' title="bbox 323 3004 1361 3079; baseline 0.004 -20"><span class='ocrx_word' id='word_1_229' title='bbox 323 3028 345 3059; x_wconf 87' lang='lat' dir='ltr'><strong>a.</strong></span> <span class='ocrx_word' id='word_1_230' title='bbox 362 3010 515 3062; x_wconf 57' lang='lat' dir='ltr'><strong>Natus...</strong></span> <span class='ocrx_word' id='word_1_231' title='bbox 529 3010 595 3060; x_wconf 82' lang='lat' dir='ltr'><strong>exit.</strong></span> <span class='ocrx_word' id='word_1_232' title='bbox 608 3006 733 3075; x_wconf 81' lang='lat' dir='ltr'><strong>Quisnam</strong></span> <span class='ocrx_word' id='word_1_233' title='bbox 744 3005 797 3059; x_wconf 81' lang='lat' dir='ltr'><strong>Titi</strong></span> <span class='ocrx_word' id='word_1_234' title='bbox 847 3004 958 3057; x_wconf 74' lang='lat' dir='ltr'><strong>lactant.</strong></span> <span class='ocrx_word' id='word_1_235' title='bbox 967 3006 996 3072; x_wconf 90' lang='lat' dir='ltr'><strong>l,</strong></span> <span class='ocrx_word' id='word_1_236' title='bbox 1010 3007 1047 3058; x_wconf 84' lang='lat' dir='ltr'><strong>ali.</strong></span> <span class='ocrx_word' id='word_1_237' title='bbox 1062 3008 1104 3071; x_wconf 89' lang='lat' dir='ltr'><strong>ll,</strong></span> <span class='ocrx_word' id='word_1_238' title='bbox 1117 3030 1140 3061; x_wconf 81' lang='lat' dir='ltr'><strong>a.</strong></span> <span class='ocrx_word' id='word_1_239' title='bbox 1152 3006 1205 3076; x_wconf 83' lang='lat' dir='ltr'><strong>vl,</strong></span> <span class='ocrx_word' id='word_1_240' title='bbox 1220 3028 1257 3079; x_wconf 85' lang='lat'><strong>¹7·</strong></span> <span class='ocrx_word' id='word_1_241' title='bbox 1267 3008 1361 3063; x_wconf 77' lang='lat' dir='ltr'><strong>Ituhk.</strong></span> 
     </span>
     <span class='ocr_line' id='line_1_28' title="bbox 287 3082 1363 3160; baseline 0.003 -21"><span class='ocrx_word' id='word_1_242' title='bbox 287 3082 444 3160; x_wconf 84' lang='lat' dir='ltr'><strong>imperatoris</strong></span> <span class='ocrx_word' id='word_1_243' title='bbox 463 3084 527 3139; x_wconf 88' lang='lat' dir='ltr'><strong>illud</strong></span> <span class='ocrx_word' id='word_1_244' title='bbox 540 3082 729 3137; x_wconf 83' lang='lat' dir='ltr'><strong>celeberrimum</strong></span> <span class='ocrx_word' id='word_1_245' title='bbox 743 3104 797 3137; x_wconf 87' lang='lat' dir='ltr'><strong>non</strong></span> <span class='ocrx_word' id='word_1_246' title='bbox 880 3086 902 3135; x_wconf 80' lang='lat'><strong>5.</strong></span> <span class='ocrx_word' id='word_1_247' title='bbox 926 3084 1067 3138; x_wconf 82' lang='lat' dir='ltr'><strong>Ulceribus.</strong></span> <span class='ocrx_word' id='word_1_248' title='bbox 1094 3088 1254 3141; x_wconf 65' lang='lat' dir='ltr'><strong>Volateribns</strong></span> <span class='ocrx_word' id='word_1_249' title='bbox 1283 3088 1363 3143; x_wconf 81' lang='lat' dir='ltr'><strong>habet</strong></span> 
     </span>
     <span class='ocr_line' id='line_1_29' title="bbox 286 3160 1027 3235; baseline -0.009 -17"><span class='ocrx_word' id='word_1_250' title='bbox 286 3164 474 3226; x_wconf 80' lang='lat' dir='ltr'><strong>recordabitur;</strong></span> <span class='ocrx_word' id='word_1_251' title='bbox 488 3163 555 3216; x_wconf 85' lang='lat' dir='ltr'><strong>dium</strong></span> <span class='ocrx_word' id='word_1_252' title='bbox 569 3182 622 3215; x_wconf 92' lang='lat' dir='ltr'><strong>non</strong></span> <span class='ocrx_word' id='word_1_253' title='bbox 635 3164 742 3235; x_wconf 87' lang='lat' dir='ltr'><strong>perdidi!</strong></span> <span class='ocrx_word' id='word_1_254' title='bbox 757 3164 797 3217; x_wconf 77' lang='lat' dir='ltr'><strong>Cf.</strong></span> <span class='ocrx_word' id='word_1_255' title='bbox 846 3179 892 3211; x_wconf 82' lang='lat' dir='ltr'><strong>ms.</strong></span> <span class='ocrx_word' id='word_1_256' title='bbox 911 3180 932 3213; x_wconf 85' lang='lat' dir='ltr'><strong>c.</strong></span> <span class='ocrx_word' id='word_1_257' title='bbox 946 3160 1027 3215; x_wconf 64' lang='lat' dir='ltr'><strong>Sctm</strong></span> 
     </span>
     <span class='ocr_line' id='line_1_30' title="bbox 286 3236 1361 3319; baseline 0.005 -25"><span class='ocrx_word' id='word_1_258' title='bbox 286 3242 367 3294; x_wconf 83' lang='lat' dir='ltr'><strong>Plinii</strong></span> <span class='ocrx_word' id='word_1_259' title='bbox 395 3243 523 3314; x_wconf 75' lang='lat' dir='ltr'><strong>Panegyr.</strong></span> <span class='ocrx_word' id='word_1_260' title='bbox 554 3240 683 3305; x_wconf 81' lang='lat' dir='ltr'><strong>LX&#39;illll,</strong></span> <span class='ocrx_word' id='word_1_261' title='bbox 706 3260 735 3307; x_wconf 67' lang='grc' dir='ltr'><strong>π,</strong></span> <span class='ocrx_word' id='word_1_262' title='bbox 760 3240 796 3293; x_wconf 90' lang='lat' dir='ltr'><strong>ibi</strong></span> <span class='ocrx_word' id='word_1_263' title='bbox 877 3236 902 3289; x_wconf 81' lang='grc'><strong>6.</strong></span> <span class='ocrx_word' id='word_1_264' title='bbox 919 3236 1361 3319; x_wconf 70' lang='lat' dir='ltr'><strong>Serpen.l.eontagionegrassari,</strong></span> 
     </span>
     <span class='ocr_line' id='line_1_31' title="bbox 288 3318 1363 3397; baseline 0.008 -25"><span class='ocrx_word' id='word_1_265' title='bbox 288 3319 411 3373; x_wconf 77' lang='lat' dir='ltr'><strong>Schwara.</strong></span> <span class='ocrx_word' id='word_1_266' title='bbox 424 3318 514 3369; x_wconf 73' lang='lat' dir='ltr'><strong>notk.</strong></span> <span class='ocrx_word' id='word_1_267' title='bbox 738 3350 742 3357; x_wconf 57' lang='grc' dir='ltr'><em>ι</em></span> <span class='ocrx_word' id='word_1_268' title='bbox 848 3319 1031 3397; x_wconf 73' lang='lat' dir='ltr'><strong>ingravescere.</strong></span> <span class='ocrx_word' id='word_1_269' title='bbox 1054 3322 1094 3376; x_wconf 86' lang='lat' dir='ltr'><strong>De</strong></span> <span class='ocrx_word' id='word_1_270' title='bbox 1111 3323 1238 3378; x_wconf 79' lang='lat' dir='ltr'><strong>ulceribus</strong></span> <span class='ocrx_word' id='word_1_271' title='bbox 1254 3340 1292 3380; x_wconf 86' lang='lat' dir='ltr'><strong>est</strong></span> <span class='ocrx_word' id='word_1_272' title='bbox 1311 3348 1363 3381; x_wconf 78' lang='lat' dir='ltr'><strong>voa</strong></span> 
     </span>
     <span class='ocr_line' id='line_1_32' title="bbox 322 3395 1126 3471; baseline 0.001 -22"><span class='ocrx_word' id='word_1_273' title='bbox 322 3418 344 3449; x_wconf 83' lang='lat'><strong>2.</strong></span> <span class='ocrx_word' id='word_1_274' title='bbox 361 3396 416 3451; x_wconf 79' lang='lat' dir='ltr'><strong>Sed</strong></span> <span class='ocrx_word' id='word_1_275' title='bbox 431 3399 511 3449; x_wconf 70' lang='lat' dir='ltr'><strong>iliam</strong></span> <span class='ocrx_word' id='word_1_276' title='bbox 534 3416 552 3449; x_wconf 78' lang='lat' dir='ltr'><em>a</em></span> <span class='ocrx_word' id='word_1_277' title='bbox 568 3395 651 3449; x_wconf 82' lang='lat' dir='ltr'><strong>rebus.</strong></span> <span class='ocrx_word' id='word_1_278' title='bbox 675 3396 798 3469; x_wconf 74' lang='lat' dir='ltr'><strong>Ignorant</strong></span> <span class='ocrx_word' id='word_1_279' title='bbox 845 3396 953 3471; x_wconf 84' lang='lat' dir='ltr'><strong>propria.</strong></span> <span class='ocrx_word' id='word_1_280' title='bbox 967 3396 1057 3455; x_wconf 62' lang='lat' dir='ltr'><strong>Rulli</strong></span> <span class='ocrx_word' id='word_1_281' title='bbox 1077 3421 1081 3428; x_wconf 60' lang='lat'><strong>⁴</strong></span> <span class='ocrx_word' id='word_1_282' title='bbox 1121 3412 1126 3428; x_wconf 72' lang='grc'><em>’</em></span> 
     </span>
     <span class='ocr_line' id='line_1_33' title="bbox 286 3474 1362 3551; baseline 0.01 -26"><span class='ocrx_word' id='word_1_283' title='bbox 286 3480 365 3530; x_wconf 79' lang='lat' dir='ltr'><strong>etiam</strong></span> <span class='ocrx_word' id='word_1_284' title='bbox 376 3494 433 3530; x_wconf 79' lang='lat' dir='ltr'><strong>mss.</strong></span> <span class='ocrx_word' id='word_1_285' title='bbox 443 3474 468 3527; x_wconf 82' lang='lat' dir='ltr'><strong>b.</strong></span> <span class='ocrx_word' id='word_1_286' title='bbox 478 3494 500 3527; x_wconf 88' lang='lat' dir='ltr'><strong>c.</strong></span> <span class='ocrx_word' id='word_1_287' title='bbox 510 3487 534 3527; x_wconf 90' lang='lat' dir='ltr'><strong>et</strong></span> <span class='ocrx_word' id='word_1_288' title='bbox 542 3474 607 3532; x_wconf 82' lang='lat' dir='ltr'><strong>Par.</strong></span> <span class='ocrx_word' id='word_1_289' title='bbox 617 3493 643 3525; x_wconf 84' lang='lat' dir='ltr'><strong>a·</strong></span> <span class='ocrx_word' id='word_1_290' title='bbox 651 3474 675 3527; x_wconf 82' lang='grc' dir='ltr'><strong>ὂ.</strong></span> <span class='ocrx_word' id='word_1_291' title='bbox 684 3476 711 3528; x_wconf 86' lang='lat' dir='ltr'><strong>d.</strong></span> <span class='ocrx_word' id='word_1_292' title='bbox 723 3487 748 3527; x_wconf 87' lang='lat' dir='ltr'><strong>et</strong></span> <span class='ocrx_word' id='word_1_293' title='bbox 757 3477 798 3529; x_wconf 85' lang='lat' dir='ltr'><strong>ed.</strong></span> <span class='ocrx_word' id='word_1_294' title='bbox 811 3534 816 3541; x_wconf 53' lang='grc'>,</span> <span class='ocrx_word' id='word_1_295' title='bbox 879 3498 902 3541; x_wconf 83' lang='lat'><strong>⁷·</strong></span> <span class='ocrx_word' id='word_1_296' title='bbox 920 3481 970 3531; x_wconf 71' lang='lat' dir='ltr'><strong>Aa</strong></span> <span class='ocrx_word' id='word_1_297' title='bbox 978 3480 1199 3551; x_wconf 64' lang='lat' dir='ltr'><strong>onmefirtuitum</strong></span> <span class='ocrx_word' id='word_1_298' title='bbox 1210 3482 1362 3542; x_wconf 63' lang='lat' dir='ltr'><strong>hm...</strong></span> 
     </span>
     <span class='ocr_line' id='line_1_34' title="bbox 286 3552 1360 3635; baseline 0.01 -30"><span class='ocrx_word' id='word_1_299' title='bbox 286 3553 323 3605; x_wconf 83' lang='lat' dir='ltr'><strong>A.</strong></span> <span class='ocrx_word' id='word_1_300' title='bbox 341 3572 387 3605; x_wconf 85' lang='lat' dir='ltr'><strong>uec</strong></span> <span class='ocrx_word' id='word_1_301' title='bbox 404 3555 507 3605; x_wconf 82' lang='lat' dir='ltr'><strong>sortasse</strong></span> <span class='ocrx_word' id='word_1_302' title='bbox 527 3552 632 3623; x_wconf 79' lang='lat' dir='ltr'><strong>injuria;</strong></span> <span class='ocrx_word' id='word_1_303' title='bbox 648 3554 796 3606; x_wconf 81' lang='lat' dir='ltr'><strong>nmatenim</strong></span> <span class='ocrx_word' id='word_1_304' title='bbox 845 3556 985 3608; x_wconf 78' lang='lat' dir='ltr'><strong>subsistite.</strong></span> <span class='ocrx_word' id='word_1_305' title='bbox 1009 3554 1075 3609; x_wconf 78' lang='lat' dir='ltr'><strong>Nam</strong></span> <span class='ocrx_word' id='word_1_306' title='bbox 1095 3557 1242 3613; x_wconf 80' lang='lat' dir='ltr'><strong>Stoicorum</strong></span> <span class='ocrx_word' id='word_1_307' title='bbox 1263 3562 1360 3635; x_wconf 78' lang='lat' dir='ltr'><strong>dogma</strong></span> 
     </span>
     <span class='ocr_line' id='line_1_35' title="bbox 286 3628 1361 3695; baseline 0.011 -14"><span class='ocrx_word' id='word_1_308' title='bbox 286 3628 357 3681; x_wconf 82' lang='lat' dir='ltr'><strong>illam</strong></span> <span class='ocrx_word' id='word_1_309' title='bbox 369 3628 514 3680; x_wconf 83' lang='lat' dir='ltr'><strong>brevitatem</strong></span> <span class='ocrx_word' id='word_1_310' title='bbox 529 3628 633 3681; x_wconf 82' lang='lat' dir='ltr'><strong>Seneca.</strong></span> <span class='ocrx_word' id='word_1_311' title='bbox 651 3628 731 3681; x_wconf 77' lang='lat' dir='ltr'><strong>Sclrm.</strong></span> <span class='ocrx_word' id='word_1_312' title='bbox 847 3644 900 3695; x_wconf 86' lang='lat' dir='ltr'><strong>est,</strong></span> <span class='ocrx_word' id='word_1_313' title='bbox 914 3629 1146 3687; x_wconf 85' lang='lat' dir='ltr'><strong>illatantummodo</strong></span> <span class='ocrx_word' id='word_1_314' title='bbox 1167 3636 1235 3691; x_wconf 79' lang='lat' dir='ltr'><strong>bona</strong></span> <span class='ocrx_word' id='word_1_315' title='bbox 1256 3658 1309 3692; x_wconf 79' lang='lat' dir='ltr'><strong>esse</strong></span> <span class='ocrx_word' id='word_1_316' title='bbox 1332 3638 1361 3693; x_wconf 89' lang='lat' dir='ltr'><strong>in</strong></span> 
     </span>
     <span class='ocr_line' id='line_1_36' title="bbox 318 3704 1360 3786; baseline 0.012 -29"><span class='ocrx_word' id='word_1_317' title='bbox 318 3704 483 3759; x_wconf 80' lang='lat' dir='ltr'><strong>3.=Prt&#39;mnm</strong></span> <span class='ocrx_word' id='word_1_318' title='bbox 497 3724 517 3757; x_wconf 82' lang='lat' dir='ltr'><strong>n</strong></span> <span class='ocrx_word' id='word_1_319' title='bbox 537 3708 609 3758; x_wconf 83' lang='lat' dir='ltr'><strong>meis.</strong></span> <span class='ocrx_word' id='word_1_320' title='bbox 634 3706 720 3759; x_wconf 80' lang='lat' dir='ltr'><strong>Placet</strong></span> <span class='ocrx_word' id='word_1_321' title='bbox 742 3708 797 3775; x_wconf 80' lang='lat' dir='ltr'><strong>pri·</strong></span> <span class='ocrx_word' id='word_1_322' title='bbox 845 3709 927 3781; x_wconf 81' lang='lat' dir='ltr'><strong>iisque</strong></span> <span class='ocrx_word' id='word_1_323' title='bbox 938 3710 1012 3765; x_wconf 85' lang='lat' dir='ltr'><strong>rebus</strong></span> <span class='ocrx_word' id='word_1_324' title='bbox 1022 3713 1224 3786; x_wconf 79' lang='lat' dir='ltr'><strong>ponenda‚qute</strong></span> <span class='ocrx_word' id='word_1_325' title='bbox 1234 3716 1263 3769; x_wconf 87' lang='lat' dir='ltr'><strong>in</strong></span> <span class='ocrx_word' id='word_1_326' title='bbox 1273 3729 1360 3769; x_wconf 85' lang='lat' dir='ltr'><strong>nostra</strong></span> 
     </span>
     <span class='ocr_line' id='line_1_37' title="bbox 285 3783 1359 3864; baseline 0.01 -29"><span class='ocrx_word' id='word_1_327' title='bbox 285 3804 367 3849; x_wconf 84' lang='lat' dir='ltr'><strong>mum,</strong></span> <span class='ocrx_word' id='word_1_328' title='bbox 377 3783 535 3837; x_wconf 81' lang='lat' dir='ltr'><strong>saed-Rom.</strong></span> <span class='ocrx_word' id='word_1_329' title='bbox 546 3792 711 3857; x_wconf 69' lang='lat' dir='ltr'><strong>propagatum</strong></span> <span class='ocrx_word' id='word_1_330' title='bbox 722 3804 728 3838; x_wconf 92' lang='lat'>:</span> <span class='ocrx_word' id='word_1_331' title='bbox 738 3805 797 3837; x_wconf 86' lang='lat' dir='ltr'><strong>nam</strong></span> <span class='ocrx_word' id='word_1_332' title='bbox 847 3797 965 3859; x_wconf 85' lang='lat' dir='ltr'><strong>potestate</strong></span> <span class='ocrx_word' id='word_1_333' title='bbox 982 3787 1040 3839; x_wconf 90' lang='lat' dir='ltr'><strong>siut.</strong></span> <span class='ocrx_word' id='word_1_334' title='bbox 1066 3789 1167 3841; x_wconf 79' lang='lat' dir='ltr'><strong>Arrian.</strong></span> <span class='ocrx_word' id='word_1_335' title='bbox 1188 3791 1255 3843; x_wconf 82' lang='lat' dir='ltr'><strong>Dias.</strong></span> <span class='ocrx_word' id='word_1_336' title='bbox 1272 3793 1359 3864; x_wconf 79' lang='lat' dir='ltr'><strong>Epict.</strong></span> 
     </span>
     <span class='ocr_line' id='line_1_38' title="bbox 284 3860 1360 3933; baseline 0.009 -21"><span class='ocrx_word' id='word_1_337' title='bbox 284 3864 413 3928; x_wconf 82' lang='lat' dir='ltr'><strong>imprimis</strong></span> <span class='ocrx_word' id='word_1_338' title='bbox 424 3900 431 3927; x_wconf 88' lang='lat'>‚</span> <span class='ocrx_word' id='word_1_339' title='bbox 442 3860 510 3933; x_wconf 80' lang='lat' dir='ltr'><strong>qtsod</strong></span> <span class='ocrx_word' id='word_1_340' title='bbox 521 3862 589 3914; x_wconf 85' lang='lat' dir='ltr'><strong>mssti</strong></span> <span class='ocrx_word' id='word_1_341' title='bbox 603 3863 680 3914; x_wconf 89' lang='lat' dir='ltr'><strong>nostri</strong></span> <span class='ocrx_word' id='word_1_342' title='bbox 693 3862 798 3927; x_wconf 74' lang='lat' dir='ltr'><strong>habent,</strong></span> <span class='ocrx_word' id='word_1_343' title='bbox 848 3865 889 3930; x_wconf 85' lang='lat' dir='ltr'><strong>ll,</strong></span> <span class='ocrx_word' id='word_1_344' title='bbox 907 3864 948 3927; x_wconf 81' lang='lat' dir='ltr'><strong>tii,</strong></span> <span class='ocrx_word' id='word_1_345' title='bbox 976 3885 996 3917; x_wconf 92' lang='lat' dir='ltr'><strong>r.</strong></span> <span class='ocrx_word' id='word_1_346' title='bbox 1018 3865 1143 3920; x_wconf 76' lang='lat' dir='ltr'><strong>Antonin.</strong></span> <span class='ocrx_word' id='word_1_347' title='bbox 1156 3868 1194 3921; x_wconf 85' lang='lat' dir='ltr'><strong>Vl</strong></span> <span class='ocrx_word' id='word_1_348' title='bbox 1202 3906 1210 3933; x_wconf 83' lang='lat'>‚</span> <span class='ocrx_word' id='word_1_349' title='bbox 1230 3868 1270 3921; x_wconf 77' lang='lat' dir='ltr'><strong>ds.</strong></span> <span class='ocrx_word' id='word_1_350' title='bbox 1286 3869 1360 3923; x_wconf 83' lang='lat' dir='ltr'><strong>Hine</strong></span> 
     </span>
     <span class='ocr_line' id='line_1_39' title="bbox 287 3937 1360 4017; baseline 0.007 -25"><span class='ocrx_word' id='word_1_351' title='bbox 287 3937 423 3992; x_wconf 81' lang='lat' dir='ltr'><strong>exseltolio</strong></span> <span class='ocrx_word' id='word_1_352' title='bbox 437 3958 487 3991; x_wconf 85' lang='lat' dir='ltr'><strong>esse</strong></span> <span class='ocrx_word' id='word_1_353' title='bbox 496 3938 604 3991; x_wconf 87' lang='lat' dir='ltr'><strong>videtur.</strong></span> <span class='ocrx_word' id='word_1_354' title='bbox 616 3940 682 3992; x_wconf 88' lang='lat' dir='ltr'><strong>Tum</strong></span> <span class='ocrx_word' id='word_1_355' title='bbox 695 3941 799 3994; x_wconf 76' lang='lat' dir='ltr'><strong>erebus</strong></span> <span class='ocrx_word' id='word_1_356' title='bbox 837 3944 955 4015; x_wconf 74' lang='lat' dir='ltr'><strong>sortuim</strong></span> <span class='ocrx_word' id='word_1_357' title='bbox 974 3943 1040 3996; x_wconf 84' lang='lat' dir='ltr'><strong>idern</strong></span> <span class='ocrx_word' id='word_1_358' title='bbox 1059 3945 1162 4013; x_wconf 77' lang='lat' dir='ltr'><strong>valent,</strong></span> <span class='ocrx_word' id='word_1_359' title='bbox 1182 3945 1251 4017; x_wconf 90' lang='lat' dir='ltr'><strong>quod</strong></span> <span class='ocrx_word' id='word_1_360' title='bbox 1269 3948 1360 3999; x_wconf 68' lang='lat' dir='ltr'><strong>atum</strong></span> 
     </span>
    </p>
   </div>
   <div class='ocr_carea' id='block_1_6' title="bbox 286 4012 1358 4167">
    <p class='ocr_par' dir='ltr' id='par_1_6' title="bbox 286 4012 1358 4167">
     <span class='ocr_line' id='line_1_40' title="bbox 286 4012 1342 4094; baseline 0.005 -25"><span class='ocrx_word' id='word_1_361' title='bbox 286 4020 351 4070; x_wconf 83' lang='lat' dir='ltr'><strong>nreis</strong></span> <span class='ocrx_word' id='word_1_362' title='bbox 364 4017 438 4070; x_wconf 86' lang='lat' dir='ltr'><strong>dabat</strong></span> <span class='ocrx_word' id='word_1_363' title='bbox 450 4037 496 4069; x_wconf 89' lang='lat' dir='ltr'><strong>ms.</strong></span> <span class='ocrx_word' id='word_1_364' title='bbox 509 4018 534 4069; x_wconf 82' lang='grc' dir='ltr'><strong>ὸ.</strong></span> <span class='ocrx_word' id='word_1_365' title='bbox 547 4012 604 4069; x_wconf 77' lang='lat' dir='ltr'><strong>eum</strong></span> <span class='ocrx_word' id='word_1_366' title='bbox 621 4016 686 4069; x_wconf 81' lang='lat' dir='ltr'><strong>Par.</strong></span> <span class='ocrx_word' id='word_1_367' title='bbox 698 4018 760 4070; x_wconf 73' lang='lat' dir='ltr'><strong>nb.</strong></span> <span class='ocrx_word' id='word_1_368' title='bbox 771 4020 797 4069; x_wconf 84' lang='lat' dir='ltr'><strong>d.</strong></span> <span class='ocrx_word' id='word_1_369' title='bbox 847 4022 897 4091; x_wconf 73' lang='lat'><strong>58.</strong></span> <span class='ocrx_word' id='word_1_370' title='bbox 910 4022 949 4074; x_wconf 82' lang='lat' dir='ltr'><strong>Cl.</strong></span> <span class='ocrx_word' id='word_1_371' title='bbox 962 4021 1029 4075; x_wconf 82' lang='lat' dir='ltr'><strong>Cort.</strong></span> <span class='ocrx_word' id='word_1_372' title='bbox 1044 4022 1077 4075; x_wconf 88' lang='lat' dir='ltr'><strong>ad</strong></span> <span class='ocrx_word' id='word_1_373' title='bbox 1088 4022 1291 4094; x_wconf 63' lang='lat' dir='ltr'><strong>Ssttusttugt</strong></span> <span class='ocrx_word' id='word_1_374' title='bbox 1304 4022 1342 4076; x_wconf 77' lang='lat' dir='ltr'><strong>Ii.</strong></span> 
     </span>
     <span class='ocr_line' id='line_1_41' title="bbox 287 4094 1358 4167; baseline 0.003 -18"><span class='ocrx_word' id='word_1_375' title='bbox 287 4096 360 4151; x_wconf 78' lang='lat' dir='ltr'><strong>etad.</strong></span> <span class='ocrx_word' id='word_1_376' title='bbox 377 4094 450 4151; x_wconf 74' lang='lat' dir='ltr'><strong>dom.</strong></span> <span class='ocrx_word' id='word_1_377' title='bbox 471 4100 499 4151; x_wconf 82' lang='lat' dir='ltr'><em>A</em></span> <span class='ocrx_word' id='word_1_378' title='bbox 514 4101 578 4151; x_wconf 79' lang='lat' dir='ltr'><strong>meis</strong></span> <span class='ocrx_word' id='word_1_379' title='bbox 597 4100 672 4151; x_wconf 83' lang='lat' dir='ltr'><strong>rebus</strong></span> <span class='ocrx_word' id='word_1_380' title='bbox 685 4118 729 4152; x_wconf 87' lang='lat' dir='ltr'><strong>ms.</strong></span> <span class='ocrx_word' id='word_1_381' title='bbox 739 4106 763 4151; x_wconf 89' lang='lat' dir='ltr'><strong>&#39;c.</strong></span> <span class='ocrx_word' id='word_1_382' title='bbox 774 4110 798 4152; x_wconf 94' lang='lat' dir='ltr'><strong>et</strong></span> <span class='ocrx_word' id='word_1_383' title='bbox 879 4100 902 4153; x_wconf 81' lang='grc'><strong>8.</strong></span> <span class='ocrx_word' id='word_1_384' title='bbox 921 4098 1065 4167; x_wconf 77' lang='lat' dir='ltr'><strong>Smpiciosi</strong></span> <span class='ocrx_word' id='word_1_385' title='bbox 1073 4114 1139 4156; x_wconf 80' lang='lat' dir='ltr'><strong>recte</strong></span> <span class='ocrx_word' id='word_1_386' title='bbox 1153 4121 1209 4153; x_wconf 83' lang='lat' dir='ltr'><strong>mss.</strong></span> <span class='ocrx_word' id='word_1_387' title='bbox 1223 4119 1281 4153; x_wconf 83' lang='lat' dir='ltr'><strong>cum</strong></span> <span class='ocrx_word' id='word_1_388' title='bbox 1296 4100 1358 4153; x_wconf 84' lang='lat' dir='ltr'><strong>edd.</strong></span> 
     </span>
    </p>
   </div>
   <div class='ocr_carea' id='block_1_7' title="bbox 0 0 1492 4992">
    <p class='ocr_par' dir='ltr' id='par_1_7' title="bbox 0 0 1492 4992">
     <span class='ocr_line' id='line_1_42' title="bbox 0 0 1492 4992; baseline 0 2"><span class='ocrx_word' id='word_1_389' title='bbox 0 0 1492 4992; x_wconf 95' lang='lat' dir='ltr'><strong> </strong></span> 
     </span>
    </p>
   </div>
  </div>
 </body>
</html>
