2975 4992
332 507 397 598 590
615 501 657 574 L.
683 503 866 572 suunt
889 476 1110 573 snuaca'

329 648 402 716 est,
419 628 512 725 quod
530 628 673 716 dicitur,
694 631 828 700 beaoon
847 634 986 726 quidem
1005 635 1155 702 futurum
1173 633 1229 702 vel
1242 633 1315 702 sola
1328 637 1397 704 vir-

333 765 404 818 tute
411 801 423 837 ,
443 772 513 818 non
531 749 682 816 futurum
696 764 809 818 autem
821 751 973 842 perfecte
986 749 1144 818 hanam.-
1162 749 1258 842 quod
1274 775 1397 843 qnem-

328 867 507 936 admodum
543 867 631 950 fieri,
644 869 778 960 possit,
812 892 881 937 non
905 869 1054 961 reperio.
1078 871 1180 937 Reate
1205 870 1300 938 enim
1329 872 1397 938 vita

329 979 454 1051 bonum
477 983 513 1050 in
531 1005 567 1050 se
585 983 774 1076 perlectum
792 981 917 1064 habet,
941 984 1214 1078 inexsuperabile
1232 1013 1240 1050 z
1257 984 1348 1077 qnod
1366 989 1395 1052 si

328 1114 397 1183 est,
417 1097 567 1191 perfecte
584 1099 683 1168 beata
704 1116 769 1168 est.
788 1101 823 1169 Si
843 1101 993 1170 Deorum
1010 1103 1081 1169 vita
1099 1103 1188 1170 nihil
1204 1103 1312 1170 habet
1327 1128 1397 1171 ma-

324 1216 382 1307 jus
398 1231 455 1284 aut
472 1216 613 1285 mclins'
630 1246 639 1302 ς
658 1216 758 1284 beata
773 1221 885 1284 autem
906 1218 976 1284 vita
1000 1216 1117 1285 divina
1135 1236 1208 1301 est,
1229 1217 1318 1286 nihil
1332 1219 1395 1286 ha-

328 1330 471 1413 bet,·in
490 1331 582 1424 quod
599 1331 743 1425 amplius
766 1333 870 1425 possit
890 1332 1011 1400 attolli.
1036 1335 1228 1416 Prteterea,
1250 1337 1281 1402 si
1299 1333 1396 1402 beata

328 1450 398 1516 vita
415 1447 544 1518 nullius
563 1465 615 1516 est
632 1447 810 1542 indigene,
830 1451 939 1517 omnis
953 1449 1053 1517 beata
1069 1453 1137 1518 vita
1155 1451 1306 1544 perfecta
1322 1453 1393 1534 est',

274 1595 302 1643 η
328 1566 515 1659 eademque
528 1581 579 1635 est
594 1582 629 1634 et
641 1565 759 1648 beata,
780 1582 815 1634 et
827 1563 1033 1634 beatissima.
1049 1568 1224 1660 Numquid
1239 1567 1393 1651 dubitas,

327 1685 411 1775 quin
428 1683 525 1752 beata
539 1683 614 1750 'vita
632 1677 798 1749 summum
813 1683 942 1751 Bonum
967 1685 1038 1751 sit?
1057 1709 1157 1779 ergo,
1183 1689 1213 1754 si
1231 1711 1396 1754 summum

326 1798 451 1868 bonum
469 1799 594 1878 babet,
617 1823 746 1867 summe
765 1798 863 1866 beata
890 1817 952 1867 est.
978 1799 1273 1893 Quemadmodum
1295 1805 1399 1870 Sum-

327 1941 417 1986 mum
443 1915 592 2008 [Bonum
605 1916 637 2008 ²]
667 1915 894 2008 adjectionem
920 1941 989 1985 non
1012 1920 1153 2012 recipit,
1181 1919 1286 2011 (quid
1306 1921 1397 1987 enim

326 2059 427 2128 supra
441 2057 606 2102 summum
621 2035 687 2101 erit
697 2029 727 2128 t)
746 2035 794 2101 ita
807 2057 851 2100 ne
863 2033 960 2101 beata
975 2034 1113 2126 quidem
1128 2039 1218 2117 vita,
1236 2063 1311 2129 quae
1324 2039 1397 2104 sine

325 2153 462 2220 Summo
488 2153 579 2219 Bono
604 2173 674 2217 non
699 2165 763 2216 est.
794 2148 898 2241 Quod
920 2151 947 2217 si
969 2151 1119 2244 aliquem
1136 2156 1245 2248 magis
1262 2155 1396 2222 beatum

324 2263 518 2347 induxeris,
541 2253 682 2333 induces
705 2280 740 2334 et
763 2265 870 2331 multo
889 2257 1021 2356 magis³
1042 2267 1305 2335 innumerabilia
1324 2267 1396 2337 dis-

326 2381 467 2448 crimina
482 2381 601 2448 summi
618 2381 720 2464 Boni3
737 2403 841 2472 quum
856 2377 1029 2446 Summum
1041 2381 1170 2446 Bonum
1185 2383 1393 2476 intelligam,

272 2496 301 2549 ¹⁸
326 2495 418 2589 quod
435 2521 535 2590 supra
561 2520 596 2564 se
622 2494 762 2588 gradum
786 2493 996 2561 nonhabet.
1021 2497 1055 2563 Si
1075 2513 1126 2563 est
1141 2497 1269 2589 aliquis
1286 2500 1396 2566 minus

325 2612 463 2696 heatus,
482 2635 582 2704 quam
601 2611 708 2694 alius,
726 2608 897 2701 sequitur,
916 2625 955 2676 ut
972 2608 1030 2677 hic
1043 2609 1183 2681 alterius
1199 2614 1303 2681 vitam
1317 2615 1398 2682 ben-

324 2729 419 2797 tioris
433 2731 539 2822 magis
554 2729 789 2820 concupiscat,
806 2749 906 2817 qnam
921 2750 1028 2824 suam..
1046 2730 1166 2796 Beatus
1179 2749 1294 2799 autem
1307 2734 1396 2800 nihil

324 2869 393 2916 suae
410 2845 558 2937 praefert.
579 2843 786 2913 Utrumlibet
804 2866 845 2909 ex
861 2841 916 2909 bis
935 2843 1140 2912 incredibile
1157 2863 1209 2913 est
1226 2875 1234 2912 z
1250 2863 1310 2915 aut
1332 2847 1399 2914 ali·

324 2967 407 3062 quid
433 2968 532 3036 heato
551 2984 696 3050 restare,
718 2966 811 3058 quod
832 2989 927 3047 esec,
949 2990 1051 3057 quam
1068 2967 1162 3059 quod
1181 2986 1256 3050 cst,
1280 2971 1395 3054 malit,

324 3184 408 3249 Stoa,
427 3183 529 3238 virtutes
545 3185 610 3238 inter
628 3205 655 3236 se
677 3203 747 3256 pares
768 3201 835 3242 esse,
884 3179 922 3232 bil
937 3181 1018 3250 maius
1035 3195 1072 3236 est
1089 3191 1131 3236 aul
1145 3185 1237 3238 melios
1248 3207 1329 3257 quarn
1345 3188 1395 3238 vita

323 3263 392 3334 quod
406 3261 461 3314 fluit
473 3283 501 3315 ex
513 3261 558 3315 illo
571 3263 684 3326 decreto,
699 3282 780 3313 unum
790 3259 837 3311 bo·
884 3259 1014 3326 Deorum,
1023 3260 1044 3312 si
1054 3274 1137 3314 autern
1149 3263 1222 3315 beata
1234 3265 1289 3316 vita
1303 3265 1396 3317 divina

323 3360 387 3393 nom
399 3359 463 3408 esse,
475 3340 543 3410 quod
555 3339 703 3404 honestum,
713 3339 729 3390 i·
740 3360 761 3391 e.
774 3359 835 3390 con·
885 3339 943 3392 vita
953 3340 1135 3414 aequiparatur,
1148 3356 1194 3395 etc.

322 3419 835 3494 gruenscumnaturaitleoqueetenmra·
917 3437 939 3467 a.
961 3417 1101 3471 Summum
1125 3419 1241 3472 Bonum.
1269 3422 1399 3475 Posterius

322 3497 834 3568 tioneetvirtutcsitBestavitaigituruno
883 3496 971 3549 vocab.
991 3518 1071 3568 quum
1090 3497 1168 3570 volgo
1186 3501 1301 3565 deesset,
1318 3501 1398 3570 adieci

238 3565 250 3620 ἰ
322 3575 476 3650 estrquippe
483 3596 539 3648 qnae
547 3589 643 3628 tantum
652 3574 757 3649 sapienti
765 3594 835 3627 corn-
885 3593 942 3625 curn
955 3574 994 3627 ed.
1008 3575 1043 3627 Il.
1060 3589 1085 3627 et
1099 3597 1156 3628 mss.
1171 3578 1226 3629 Pal.
1240 3598 1291 3631 sec.
1303 3594 1331 3631 et
1342 3580 1397 3631 Col.

322 3655 392 3729 petit,
400 3667 423 3708 el
432 3667 554 3726 quatenus
563 3676 607 3727 per
614 3675 639 3707 se
650 3654 835 3707 consideratur:
884 3653 938 3703 Nec
957 3671 1033 3720 vero,
1054 3666 1082 3704 ut
1099 3654 1205 3724 quidem
1227 3676 1298 3707 nune
1318 3669 1398 3727 puto,

323 3753 373 3784 una
388 3731 515 3804 qualitatis
530 3733 688 3797 (ποιότητος),
704 3730 774 3783 nulla
783 3751 836 3782 tna·
885 3749 946 3800 opus
959 3743 1011 3783 erat
1020 3731 1092 3783 uncis
1102 3731 1248 3794 includere;
1261 3753 1323 3786 nam
1334 3747 1399 3785 reete

321 3809 465 3885 gnitndinis
481 3810 655 3878 (intensionis,
666 3809 773 3862 dicimos
782 3808 838 3860 vul·
886 3807 1012 3881 adjectum
1023 3810 1129 3862 videtur.
1144 3811 1226 3864 Schw.

320 3907 353 3958 go
363 3923 370 3950 ,
380 3907 434 3940 non
446 3887 610 3954 extensionis)
627 3888 725 3941 ratione
743 3887 836 3939 habita.
919 3885 941 3936 3.
949 3886 1062 3939 Induces
1070 3899 1095 3940 et
1101 3891 1288 3958 multomagis,
1299 3905 1348 3942 etc.
1357 3891 1399 3944 Sic

262 4003 266 4016 .
320 3965 742 4037 Tiedetntnnijudicio(System.
761 3971 835 4019 ἀει.
885 3963 1238 4038 vetblibriomnes5quorum
1248 3970 1400 4041 tamenple·

320 4045 391 4098 Phil.
400 4045 445 4098 lll.
454 4069 478 4120 p.
487 4049 529 4118 95)
537 4046 612 4098 nimis
620 4047 711 4119 cupido
718 4059 836 4098 etsevero
885 4041 956 4110 rique
963 4041 1021 4095 dein
1029 4050 1188 4116 postsummi
1191 4045 1269 4098 Boni
1271 4047 1399 4116 adjiciunt

323 4145 376 4177 non
385 4124 548 4178 subscribam.
561 4126 600 4177 Cf.
612 4125 658 4198 Ep.
671 4141 749 4189 txxt,
763 4124 791 4175 18
799 4145 836 4194 sq.
884 4120 990 4172 verbum
997 4121 1092 4189 socies,
1102 4124 1171 4192 quod
1177 4124 1268 4175 rectius
1277 4124 1399 4177 omittunt

321 4203 401 4276 lipsii
414 4203 521 4254 Mauud.
533 4205 587 4268 lll,
602 4203 625 4254 3.
637 4201 727 4254 [tull.
885 4197 937 4250 alii.
948 4199 1032 4272 Vulgo
1043 4201 1111 4252 abest
1121 4201 1196 4253 initio
1206 4202 1314 4254 verbum
1324 4205 1398 4253 indn-

358 4301 378 4334 ι.
391 4279 422 4331 Si
434 4279 576 4334 Deorum...
588 4283 690 4333 metros.
703 4279 752 4331 Int.
762 4280 784 4332 si
796 4279 835 4331 ni·
883 4299 937 4343 ces,
949 4278 992 4332 sed
999 4279 1067 4331 adest
1077 4280 1104 4331 in
1113 4281 1164 4332 line
1169 4281 1269 4350 socies.
1280 4281 1365 4335 Sclm.
