2975 4992
370 451 633 528 arrsrona
656 453 843 526 nxxrx.
1020 403 1023 414 ’
1086 453 1153 547 sa,

93 610 152 661 tor.
167 589 231 658 ilic
242 591 379 683 ignotus
392 589 475 682 ipsis
491 587 635 658 Athenis
649 589 734 670 fuit,
751 589 843 656 eirca
856 607 943 680 quas
952 583 1145 654 delituerat.
1180 604 1210 656 13

92 710 199 780 Multis
224 711 340 801 itaque
361 710 432 802 jam
451 711 549 778 annis
571 700 767 779 Metrodoro
797 731 856 777 suo
886 722 1085 801 superstes,
1115 706 1153 774 iu
1214 718 1218 724 ’

93 823 228 917 quadam
248 822 427 916 Epistola,
463 847 567 914 quum
594 824 777 891 amicitiam
797 845 891 890 suam
911 835 947 888 et
964 815 1152 888 Metrodori

95 935 512 1034 grata‘commamoratione
528 939 705 1007 cecinisset
718 937 794 1006 boc·
801 938 981 1007 novissime
999 933 1126 1027 adjecit
1142 959 1150 999 :

97 1056 224 1124 «Nihil
252 1055 317 1123 sibi
343 1071 378 1123 et
402 1054 597 1124 Metrodoro
612 1056 709 1146 inter
731 1053 821 1122 bona
843 1068 936 1122 tauta
963 1052 1119 1121 nocuisse
1141 1097 1151 1131 ,

93 1168 176 1264 quod
184 1171 278 1264 ipsos
287 1170 346 1238 illa
356 1170 479 1239 nobilis
490 1172 622 1240 Graecia
631 1193 700 1238 non
710 1171 843 1264 ignotos
852 1168 1151 1250 solumbabuisset,

93 1287 148 1356 aed
169 1311 268 1381 paene
286 1283 469 1355 inauditos.
484 1313 500 1350 a
521 1283 696 1379 Numquid
713 1310 796 1380 ergo
813 1309 883 1354 uon
900 1300 1037 1379 postea,
1054 1308 1156 1376 quam

93 1423 160 1470 esse
190 1399 360 1484 desierat,
379 1400 537 1468 iuventus
558 1401 634 1468 esti
659 1398 826 1493 numquid
850 1423 919 1468 non
943 1399 1059 1492 opinio
1077 1397 1157 1490 ejus

93 1516 272 1584 emicuit¹i
294 1517 368 1584 Hoc
389 1513 604 1584 Metrodorus
621 1537 757 1606 quoque
785 1515 823 1582 iu
845 1513 990 1605 quadam
1010 1510 1159 1605 Epistola
1186 1518 1216 1584 nt

93 1631 274 1700 confitetur
305 1654 380 1699 ase
408 1647 443 1699 et
466 1632 650 1726 Epicurum
675 1655 746 1699 nou
769 1631 850 1699 satis
872 1629 1080 1714 eminuisse,
1100 1628 1160 1696 sed

94 1759 192 1836 post,
219 1767 255 1812 se
275 1759 312 1812 et
332 1744 517 1838 Epicurum
539 1744 699 1838 magnum
714 1757 937 1836 paratumque
956 1765 1080 1810 nomen
1097 1740 1163 1809 ba-

94 1859 242 1941 bituros,
265 1875 300 1927 ct
324 1859 384 1952 qui
402 1859 608 1928 voluissent²
628 1883 691 1953 per
710 1857 830 1927 eadem
848 1860 901 1925 ire
916 1857 1072 1950 vestigia.
1092 1881 1164 1918 »-

96 1975 193 2044 Nulla
212 1977 320 2045 virtus
339 1975 442 2060 latet,
464 1990 500 2044 et
517 1975 673 2061 latuisse,
695 1998 766 2043 non
786 1976 894 2068 ipsius
917 1991 968 2042 est
987 1973 1158 2042 damnum.

97 2094 234 2177 Veniet,
255 2094 315 2184 qui
330 2091 513 2176 conditam,
529 2106 564 2160 et
576 2091 689 2161 saeculi
707 2093 761 2161 sui
771 2090 981 2185 malignitate
993 2113 1165 2184 compres-

95 2233 183 2295 sam,
207 2211 281 2280 dies
297 2210 461 2304 publicet.
479 2211 601 2280 Paucis
621 2225 720 2278 uatus
740 2205 810 2280 est³
825 2212 885 2303 qui
901 2210 1064 2304 populum
1083 2223 1166 2278 ata-

96 2327 137 2393 tis
152 2349 224 2394 sum
238 2328 377 2420 cogitat.
392 2325 501 2394 Multa
516 2349 681 2394 annorum
698 2325 822 2408 millia,
843 2325 949 2393 multa
961 2324 1164 2419 populorum
1193 2336 1222 2387 15

96 2445 360 2537 supervenient,
379 2441 425 2512 ad
448 2442 506 2511 illa
529 2438 677 2536 respice!
705 2443 844 2513 Etiamsi
865 2443 1023 2512 omnibus
1055 2457 1167 2512 tecum

97 2561 290 2628 virentibus
302 2559 473 2628 silentium
491 2559 578 2627 livor
595 2557 778 2641 indixerit,
793 2562 932 2628 venient
947 2561 1008 2651 qui
1026 2560 1099 2628 siue
1114 2560 1167 2628 ol·

99 2674 212 2761 fenea,
229 2675 304 2744 sine
320 2675 447 2768 gratia,
459 2672 627 2767 judicent.
647 2673 682 2742 si
699 2671 792 2766 quod
804 2689 856 2743 est
870 2675 1018 2766 pretium
1030 2675 1167 2743 virtutis

97 2813 135 2856 ex
149 2789 259 2871 inmo,
276 2812 341 2858 nec
353 2789 420 2856 hoc
435 2789 566 2856 interit.
581 2787 635 2855 Ad
645 2811 709 2857 nos
724 2786 863 2879 quidem
877 2787 965 2856 nibil
984 2790 1168 2883 pertinebit

99 2923 314 3000 posterorum
333 2928 463 2991 serm03
482 2919 593 2972 tamen
616 2903 717 2972 etiam
736 2926 806 2971 nou
824 2905 1006 2973 sentientes
1023 2904 1112 2974 colet
1127 2928 1168 2973 ac

100 3019 343 3112 frequentabit.
359 3018 452 3088 Nulli
464 3042 534 3086 non
546 3018 681 3102 Virtus,
697 3035 732 3086 et
744 3020 823 3089 vivo
840 3033 1035 3101 etmortuo,
1051 3018 1169 3088 retulit
1196 3025 1227 3079 ιθ

101 3137 264 3230 gratiam,
281 3137 310 3204 si
328 3134 425 3206 modo
440 3135 530 3204 illam
548 3135 637 3202 bona
657 3151 818 3228 sequutus
834 3151 884 3204 est
899 3133 986 3216 lide,
1004 3137 1033 3203 si
1051 3159 1089 3204 se
1100 3159 1168 3205 non

101 3231 277 3378 exorpavil
299 3267 334 3321 et
355 3252 481 3345 pinxit,
500 3249 561 3319 aed
578 3249 667 3322 idem
684 3251 766 3333 fnit,
792 3253 863 3320 sive
886 3245 955 3354 er·⁴
970 3250 1168 3322 denuntiato

101 3506 134 3558 dc
148 3506 200 3559 rita
217 3517 243 3558 ct
259 3504 349 3558 morib.
360 3504 464 3576 Epicuri
482 3503 611 3571 lt,l,1t.
658 3503 765 3558 oe'lebre's
788 3523 842 3570 por
864 3521 932 3557 ceuoe
955 3506 1001 3576 qut'
1018 3516 1170 3576 autrepierr-

139 3603 162 3634 ι.
173 3583 308 3647 Emicm't,
321 3596 346 3635 ct
358 3582 457 3635 inira...
470 3585 612 3636 emicuisse.
660 3580 763 3632 droant
772 3581 806 3632 de
815 3581 932 3635 member
941 3602 989 3635 sur
998 3584 1068 3636 leurs
1079 3593 1171 3636 traces.

102 3661 471 3726 aliimtmta..entsutsse‚·aut
479 3662 611 3712 sudauit...
693 3658 717 3712 3·
729 3657 828 3712 Pasas
838 3671 917 3713 notus
929 3670 992 3713 esta.
1002 3664 1104 3728 cogitat.
1117 3659 1171 3729 Qui

103 3742 252 3791 armonicae.
264 3736 345 3791 Sclw.
661 3735 1171 3809 tantumbominibuscooeriacoaspicuua

137 3835 163 3868 a.
174 3815 268 3885 thur’
274 3817 422 3869 voluissent.
433 3815 476 3869 Sic
484 3814 544 3868 libri
553 3826 613 3867 vett.
663 3832 716 3866 esre
725 3825 750 3866 et
759 3814 855 3885 placere
863 3814 932 3876 vult,
944 3815 1019 3885 etqui
1033 3834 1086 3868 non
1097 3833 1171 3887 supra

103 3893 157 3945 nisi
172 3893 241 3964 quod
254 3893 374 3946 nonnulli
385 3901 410 3947 et
418 3893 545 3948 omiturnt.
559 3893 615 3945 Te·
663 3908 746 3945 terum
758 3911 831 3944 ruam
841 3892 953 3944 eminere
960 3929 968 3955 ,
980 3887 1053 3962 atquo
1065 3893 1172 3966 proinde

104 3991 175 4023 mers
184 3971 262 4044 vulgo
271 3973 347 4038 apud
357 3989 398 4024 ros
409 3974 614 4041 qrsr'volus'asent,
662 3971 791 4040 sequentis
818 3969 909 4024 ucula
933 3969 1044 4042 cogitare
1064 3971 1171 4038 studet,

105 4069 138 4100 ax
158 4047 251 4102 Mureti
271 4049 325 4120 ing.
342 4047 554 4117 Saba-Quam
573 4047 616 4099 le·
663 4049 754 4120 quibus
765 4048 868 4120 placcat.
883 4049 974 4102 naht.

106 4127 218 4180 ctionem
230 4139 350 4198 sequutus
362 4139 412 4179 erat
422 4125 560 4196 Logrange
570 4127 614 4196 qui
695 4129 719 4192 4.
739 4125 800 4181 Sive
817 4147 855 4180 ιε
869 4129 1028 4181 demntioto.
1046 4124 1100 4195 Qui
1116 4145 1171 4180 mos

107 4205 182 4257 vertit
197 4223 205 4258 ι
218 4203 302 4258 Laura
322 4207 394 4258 deux
413 4225 488 4258 stoma
503 4208 616 4258 semies!
662 4203 791 4276 hodieque
806 4206 873 4259 inter
890 4217 1018 4280 magnates
1036 4218 1170 4271 matur,
