2975 4992
295 452 362 518 500
589 447 630 515 L.
656 443 833 515 aNNAEl
857 442 1075 513 SENECAE

293 600 394 659 num,
410 574 505 669 quod
517 576 722 661 laoneatum3
741 575 778 641 in
800 572 870 642 illia
888 570 976 640 nihil
998 572 1153 642 inveniet
1170 572 1263 652 veri,
1285 570 1374 641 nihil

293 693 399 775 certi,
418 714 643 784 quaecumque
662 690 757 759 famae
774 688 923 783 placent.

342 806 462 899 Quare
479 807 547 877 hoc
558 829 666 875 unum
684 805 728 873 ait
743 808 893 887 Bonum,
910 802 1003 895 qaod
1020 802 1220 887 honestum,
1237 804 1369 871 dicam:

293 920 455 1011 quoniam
474 943 528 989 me
546 944 666 1014 parum
689 933 886 987 exsecutum
911 918 1027 1011 priore
1055 914 1198 1013 epistola
1211 917 1368 1010 judicat,

294 1038 471 1130 magisque
487 1037 578 1107 hanc
591 1061 663 1106 rem
679 1037 740 1105 tibi
756 1036 925 1104 laudatam
939 1059 1042 1128 quam
1057 1035 1232 1129 probatam
1246 1052 1368 1129 patae:

294 1168 329 1223 et
338 1155 375 1223 in
384 1163 528 1223 arctum·
534 1204 545 1239 ,
557 1178 633 1246 quae
644 1153 737 1222 dieta
749 1168 841 1234 aunt,
850 1151 1062 1221 contraham.
1074 1154 1198 1221 Omnia
1207 1176 1271 1221 auo
1282 1151 1371 1221 bono

293 1283 480 1335 constant:
504 1268 609 1336 vitem
638 1266 794 1334 fertilitas
820 1264 1034 1335 commendat
1060 1281 1096 1335 et
1123 1288 1226 1360 aapor
1244 1269 1258 1300 ¹
1275 1266 1367 1347 vini,

292 1381 456 1452 velocitas
471 1405 625 1451 cervum.
641 1381 822 1473 -Quare
838 1372 960 1449 fortia³
982 1381 1083 1449 dorao
1099 1381 1255 1474 jumenta
1276 1380 1367 1463 nint,

292 1502 418 1593 quaeria
430 1502 505 1568 Ρ-
516 1497 609 1592 Quia
624 1522 743 1567 eorum
757 1498 815 1567 hic
828 1522 917 1566 unua
933 1513 985 1565 eat
1003 1495 1099 1581 naua,
1119 1500 1287 1567 sarcinam
1302 1498 1371 1566 fer·

252 1628 271 1681 t
293 1640 345 1685 re.
367 1618 409 1684 ln
432 1638 516 1684 cane
543 1608 731 1708 aagac'itaa‘
755 1615 866 1707 prima
886 1629 974 1699 eat‚·
988 1615 1017 1683 ai
1036 1615 1243 1708 inventigare
1268 1612 1371 1683 debet

292 1733 400 1821 feram
416 1757 554 1817 curant,
572 1733 602 1801 ai
620 1732 803 1823 canaequi3
819 1731 982 1815 audacia,
1003 1734 1031 1801 ai
1051 1730 1208 1801 mordere
1224 1748 1260 1801 et
1276 1734 1391 1801 inva··

291 1848 387 1918 dere.
409 1849 451 1917 Id
469 1850 505 1917 in
519 1870 657 1940 quoque
678 1849 842 1941 optimum
863 1872 937 1918 ease
952 1840 1076 1917 debet⁵
1086 1899 1098 1935 ,
1118 1850 1173 1917 eui
1196 1849 1367 1927 nascitur,

291 1990 361 2059 quo
375 1981 538 2035 censetur
547 1956 574 2033 ⁶.
594 1967 635 2033 ln
652 1963 793 2033 homine
809 1964 972 2059 optimum
986 1964 1070 2057 quid
1082 1966 1158 2033 eat?
1169 1964 1288 2033 Ratio:
1307 1965 1372 2032 hac

289 2080 461 2155 antecedit
471 2081 649 2165 animalia,
664 2082 755 2150 Deos
769 2083 958 2175 aequiturl.
972 2084 1072 2151 Ratio
1083 2106 1165 2176 ergo
1180 2074 1369 2175 'perlecta

291 2202 470 2296 proprium
482 2199 632 2269 hominia
645 2199 773 2268 bonum
785 2214 858 2284 eat3
873 2214 995 2267 caetera
1011 2198 1061 2266 illi
1076 2224 1152 2267 cum
1166 2199 1372 2268 animalibus
1464 2272 1465 2275 Ἴ

290 2316 647 2410 aatiequecommunia
659 2331 750 2383 aunt.
766 2313 937 2384 Valetiet
949 2314 1077 2385 leonea.
1101 2318 1373 2385 Formoanaeati

291 2449 327 2502 et
340 2456 501 2527 pavonea.
522 2430 631 2499 Velox
645 2431 722 2499 eat?
733 2446 767 2500 et
782 2432 875 2522 equi.
891 2433 967 2499 Non
983 2430 1080 2514 dico,
1098 2432 1132 2499 in
1147 2430 1202 2499 hia
1212 2432 1373 2501 omnibus

252 2576 265 2621 7
292 2551 455 2619 vincitur.
474 2550 554 2617 Non
572 2572 712 2640 quaero,
736 2546 821 2640 quid
838 2548 874 2617 in
895 2572 931 2617 ae
949 2550 1128 2618 maximum
1146 2548 1294 2636 habeat,
1312 2548 1373 2619 aed

293 2801 327 2854 ad
339 2800 411 2855 illam
421 2800 570 2874 explendam
582 2800 675 2855 debeat
687 2799 810 2856 laborare.
895 2800 996 2871 aldeae
1006 2806 1134 2873 sequitur,
1142 2805 1160 2857 i.
1170 2824 1192 2858 e.
1201 2824 1255 2859 non
1262 2805 1373 2859 mnltnm

332 2900 351 2932 t.
368 2880 407 2932 Et
421 2884 449 2931 in
461 2890 571 2933 arctum.
583 2874 628 2933 sie
643 2898 733 2931 omnes
751 2896 811 2931 tnta·
860 2879 929 2932 alteat
940 2900 954 2932 a
965 2880 1037 2944 Deo,
1050 2882 1258 2955 peneaimiliaei
1272 2897 1323 2949 eat,
1336 2888 1373 2937 ati

295 2969 369 3011 antea
378 2967 405 3010 et
415 2967 447 3010 at
457 2960 486 3009 ia
498 2978 526 3010 a.
537 2952 628 3011 Ruta.
860 2972 927 3013 recte
939 2954 1045 3033 explieat
1056 2960 1132 3013 Corte
1144 2964 1177 3016 ad
1189 2962 1296 3015 Sallust.
1308 2963 1375 3017 Bell.

329 3057 353 3088 a.
366 3036 403 3089 Et
416 3056 499 3106 sapor
508 3040 567 3091 vini
580 3050 646 3090 reete
663 3057 710 3089 ms.
726 3038 751 3089 b.
764 3057 811 3091 nee
859 3036 919 3109 Jug.
933 3060 953 3091 c.
966 3058 996 3103 2,
1014 3058 1022 3089 ι
1037 3060 1043 3091 t
1056 3038 1166 3092 adducto
1178 3038 1234 3092 Cic.
1244 3040 1306 3093 Fin.
1316 3041 1372 3103 lll,

295 3114 364 3169 aliud
377 3114 497 3169 debuerat
515 3113 554 3170 ed.
565 3115 601 3166 Id.
614 3128 639 3168 et
649 3116 724 3168 totld.
736 3115 811 3169 Grut.
862 3136 907 3180 aa,
918 3115 961 3169 ubi
969 3116 1288 3186 tamenseqaiDenmalio
1298 3107 1376 3171 sensu

297 3194 323 3246 in
344 3185 437 3265 quibua
456 3205 482 3247 et
502 3211 583 3264 sopor
599 3197 700 3247 vinum.
721 3194 817 3266 Vulgo
860 3195 940 3270 accipi
962 3197 1045 3250 debet.
1057 3199 1097 3251 Cl·
1112 3198 1143 3251 ad
1155 3198 1202 3271 Ep.
1217 3214 1322 3264 txxnt,
1339 3220 1376 3253 ιι.

297 3274 381 3327 nude.
394 3295 476 3344 sapor
485 3277 584 3327 vinam·
595 3272 678 3327 Sabo.
862 3274 950 3327 ltott.
960 3276 1086 3336 -Bene.
1102 3289 1176 3347 atque
1191 3276 1268 3331 etiam
1285 3278 1352 3331 belle
1365 3318 1373 3344 ,

330 3354 355 3405 3.
371 3345 557 3428 Quaresonth
571 3366 596 3407 et
614 3353 662 3407 rel.
674 3352 811 3425 vulgatam
861 3353 897 3405 ait
908 3354 1006 3427 laipaina
1018 3394 1025 3417 ,
1037 3355 1097 3425 quia
1108 3357 1245 3428 preivitde
1254 3370 1376 3411 anteces-

298 3420 365 3484 ime
376 3442 465 3497 tueor,
476 3430 670 3485 nexaorationit
677 3429 812 3503 pottnlan-
860 3430 933 3484 aione
944 3469 952 3493 ‚
965 3445 990 3485 et
999 3453 1068 3487 nant
1082 3432 1114 3485 de
1124 3435 1235 3505 aequela.
1247 3439 1282 3489 At
1292 3437 1377 3489 Clau-

298 3522 322 3562 te
336 3529 342 3561 :
357 3508 402 3562 etai
413 3509 533 3562 Pinciaai
545 3523 570 3563 et
579 3509 652 3563 Grut.
663 3507 745 3562 codd.
760 3528 811 3561 nna
861 3508 918 3563 dina
931 3510 1147 3574 Puteanua,inter
1159 3513 1253 3569 Gallie
1265 3516 1377 3579 deeora,

298 3606 356 3639 cnm
370 3586 481 3639 editione
491 3601 541 3641 ret.
552 3588 704 3662 preferant:
719 3587 812 3658 Quom
860 3587 979 3653 volebat,
997 3586 1060 3641 Diis
1081 3602 1221 3659 aquetur,
1240 3614 1288 3665 pro
1302 3596 1376 3651 tolita

290 3664 387 3735 sortia.
399 3662 489 3715 Ruit.
861 3663 996 3719 insolentia
1010 3666 1163 3719 Stoicorum.

333 3742 356 3806 ζ.
367 3740 507 3811 sagacitas
514 3744 606 3810 prima
619 3750 665 3794 est.
679 3742 730 3793 lnt.
742 3740 812 3793 emi·
895 3742 1069 3813 tltaeioeego
1077 3748 1198 3818 perflata.
1207 3748 1312 3821 Lipsius
1321 3751 1376 3805 lan·

299 3833 341 3872 net
353 3840 428 3893 supra
440 3832 542 3873 caeterae
554 3818 607 3892 ejus
619 3818 697 3873 dotet.
862 3819 907 3874 dat
923 3820 1107 3892 Phoeylitlem,
1124 3824 1169 3894 qai
1191 3826 1283 3880 eadem
1301 3830 1378 3883 tradit

334 3906 356 3955 5.
366 3900 741 3971 optimumesseaetebeteffl
752 3920 810 3954 rum
861 3918 924 3953 vem.
941 3900 988 3953 ttss
1004 3920 1042 3969 aq·
1061 3900 1177 3963 (Brunl.
1191 3903 1291 3957 Gnorn.
1306 3907 1378 3960 Poet.

299 3980 485 4052 mattiavulgo
497 3983 626 4050 optimum
635 3990 693 4047 est,
704 3978 735 4032 alt
747 3978 812 4032 Era·
861 3998 944 4050 grae,
953 4000 977 4051 p.
988 3979 1053 4039 aad.)
1067 3979 1148 4033 «Sola
1159 3980 1262 4034 lromini
1270 3984 1337 4037 ratio
1347 3998 1379 4037 te

201 4064 207 4071 ’
299 4047 456 4111 ammSclrw.
861 4056 915 4107 lum
926 4056 1380 4133 eat.mnnimenetnnum.=·dtigno·

333 4135 357 4188 6.
368 4137 492 4190 Censetur
501 4126 529 4189 ln
541 4135 657 4210 partinet
669 4135 814 4191 estimatio·
862 4133 933 4187 rabat
945 4133 1058 4209 lipaiua,
1068 4134 1218 4208 opuseulum
1226 4137 1294 4189 illud
1307 4140 1379 4193 Chri·

301 4232 333 4265 ne
345 4227 388 4265 eat.
403 4204 493 4266 Radit.
662 4265 669 4270 ,
863 4212 940 4267 atiani
948 4212 1080 4287 cujusdam
1091 4215 1157 4269 dotti
1167 4218 1258 4273 loeturn
1269 4220 1372 4273 eata-R.
