2975 4992
303 453 330 530 6
493 479 500 494 “
636 462 675 528 F.
702 461 744 530 E.
772 463 1077 542 RUHKOPFtt

307 605 443 665 animum
459 601 681 666 emendandtun
697 601 786 686 po'sse
801 605 961 666 confidam.
975 603 1095 686 Quibus
1110 605 1238 688 proinde
1253 607 1392 669 curatius

306 713 440 796 legendis
446 711 504 772 nisi
513 711 615 770 animo
627 711 747 793 egregia
756 709 946 774 suboriantur
955 713 1079 774 consilia
1090 712 1154 774 vitae
1166 712 1238 774 bene
1249 715 1389 796 agendae,

307 819 364 880 nisi
384 830 484 894 recta,
505 815 703 879 deterioribus
722 817 844 880 calcatis
859 831 889 878 et
906 819 1044 901 rejectis,
1060 818 1247 902 probentur,
1270 832 1301 881 et
1319 818 1393 880 sola

307 925 388 988 bona
402 916 529 1005 ideoque
548 909 674 985 bonesta
695 923 866 986 enixissime
882 927 1046 1008 expetenda
1062 939 1092 987 et
1105 939 1174 988 actu
1189 925 1394 1008 exprimenda

307 1031 475 1108 videantur,
488 1030 517 1093 ei
527 1032 693 1096 verendum
706 1028 815 1108 luerit,
829 1042 862 1090 ut
875 1029 953 1092 ullus
968 1031 1081 1093 lructus
1094 1053 1130 1094 ex
1142 1031 1274 1094 aliorum
1286 1030 1394 1093 libro·-

308 1160 377 1200 rum
393 1139 530 1219 mamus
545 1136 664 1198 utilium
680 1136 809 1199 lectione
823 1138 895 1200 satis
905 1137 1031 1199 idoneus
1042 1139 1160 1222 percipi
1175 1153 1274 1220 queat.
1285 1137 1393 1219 Atque

309 1245 335 1306 si
348 1245 462 1328 ingenii
472 1240 587 1306 cultura
597 1241 628 1302 in
638 1262 676 1305 eo
687 1243 760 1327 poni
771 1239 875 1319 debet,
891 1256 924 1304 nt
938 1244 1093 1307 facultates
1108 1244 1219 1328 ingenii
1235 1244 1391 1320 habeant,

309 1371 370 1433 quo
379 1351 565 1434 explicentur
571 1350 743 1412 meditando
755 1352 996 1434 ,comparando,
1007 1351 1166 1434 cogitando
1175 1395 1184 1423 ,
1193 1351 1392 1427 inveniendo,

309 1458 447 1542 prolecto
459 1456 583 1520 necbas
601 1455 743 1540 epistolas
764 1457 893 1519 materia
911 1478 1016 1520 carere
1036 1457 1147 1520 dixeris
1165 1459 1305 1541 egregia,
1327 1479 1393 1540 qua

309 1567 369 1629 illae
381 1568 462 1629 vires
474 1566 659 1642 excolantur,
676 1566 856 1628 formentur.
867 1563 964 1628 Recte
976 1567 1075 1650 itaque
1090 1567 1393 1652 nobisgratulamur,

311 1674 393 1756 quod
406 1685 470 1734 mm
490 1672 568 1734 bene
585 1672 709 1734 cesserit
724 1669 847 1736 Senecae
860 1673 1020 1736 consilium
1033 1674 1202 1756 posteritati
1215 1673 1368 1736 scribendi
1381 1719 1391 1748 ,

311 1780 394 1842 baud
412 1775 508 1841 semel
528 1776 569 1838 ab
585 1798 623 1840 eo
637 1778 853 1856 declaratum¹,
871 1793 901 1842 et
917 1782 998 1862 quod
1011 1781 1100 1844 nobis
1116 1781 1242 1843 lurtum
1256 1783 1395 1863 quodam

314 1888 385 1949 ludo
398 1884 609 1948 transmissum
622 1884 661 1947 sit
680 1885 759 1947 istud
774 1886 970 1970 epistolarum
984 1887 1126 1950 volumen
1142 1909 1198 1971 per
1216 1889 1395 1972 septemde-

313 1995 390 2070 cim,
409 2007 440 2056 et
449 1994 531 2075 quod
545 1992 695 2068 excurrit,
714 1993 820 2057 soectala
835 1994 937 2078 magni
949 1995 1160 2058 aestimatum⁸.

355 2101 449 2183 Quod
462 2121 532 2163 ctnn
546 2098 660 2162 caeteris
676 2119 712 2161 ea
726 2097 912 2180 Antiquitate
927 2099 1017 2162 uobis
1031 2102 1143 2166 relictis
1158 2101 1292 2185 epistolis
1303 2121 1394 2162 com-

315 2221 476 2292 paratum,
489 2225 611 2280 omnes,
625 2204 651 2266 si
661 2201 845 2267 Ciceronem
857 2207 1029 2289 exceperis,
1042 2208 1184 2290 epistolas
1195 2208 1283 2270 lacile
1299 2229 1395 2290 tupe-

316 2316 405 2378 rabit.
416 2312 574 2378 Ciceronis
589 2311 672 2373 enim
686 2311 834 2394 epistolae,
851 2325 963 2397 praeter
976 2303 1071 2375 maalta
1087 2313 1246 2396 praeclara,
1264 2327 1309 2376 tot
1324 2326 1396 2374 tan·

316 2435 404 2503 taque
413 2422 453 2482 ad
459 2418 617 2480 historiam
628 2417 713 2479 istius
722 2419 869 2502 temporis
879 2421 1043 2502 spectantia
1054 2420 1163 2482 indicia
1173 2433 1203 2482 et
1212 2422 1396 2504 documenta

316 2527 488 2603 continent,
499 2525 621 2587 aliunde
635 2523 684 2585 rcl
695 2544 757 2585 non
769 2519 913 2609 petenda,
927 2525 976 2588 vel
988 2525 1051 2608 jam
1065 2547 1122 2609 per
1138 2546 1171 2588 se
1185 2526 1257 2587 satis
1268 2527 1393 2609 gravia,

314 2634 428 2717 quippe
443 2631 482 2693 ab
494 2629 619 2692 bomine
629 2643 716 2690 tantae
728 2629 914 2716 auctoritatis
926 2629 1057 2712 tintique
1072 2632 1219 2694 momenti
1233 2634 1272 2695 ad
1285 2652 1335 2695 res
1346 2633 1396 2694 sui

316 2741 464 2823 temporis
479 2737 632 2821 proiecta,
647 2749 680 2796 ut
695 2737 758 2818 jam
773 2757 810 2796 co
827 2735 946 2832 pomine
962 2757 1023 2797 nou
1039 2740 1253 2822 postponendae
1273 2751 1394 2815 essent,

316 2847 374 2909 nisi
389 2846 481 2908 etiam
495 2844 643 2928 elegantia
660 2843 786 2924 aliaeque
801 2843 951 2904 sermonis
964 2845 1068 2923 dotes,
1078 2845 1186 2926 quibus
1200 2842 1311 2907 Cicero
1323 2865 1397 2906 om-

317 2977 372 3017 nes
382 2977 441 3017 state
450 2954 579 3016 nationis
593 2950 755 3036 scriptores
766 2963 907 3034 superat,
924 2950 1041 3035 primas
1055 2953 1084 3014 ei
1100 2966 1202 3036 partes
1219 2954 1285 3036 jure
1297 2953 1398 3014 meri-

317 3077 408 3144 toque
424 3060 584 3123 deferrent.
599 3055 705 3142 Longe
719 3056 809 3119 aliter
817 3057 1009 3141 judicandum
1024 3071 1069 3120 est
1082 3060 1119 3121 de
1134 3057 1225 3120 Plinii
1243 3060 1305 3142 jun.
1326 3060 1398 3144 epi-

318 3168 412 3231 stolis.
424 3167 508 3244 Quas
519 3180 553 3226 ut
564 3166 634 3225 dem
648 3163 797 3225 sermonis
810 3163 907 3226 nitore
922 3178 951 3226 et
963 3164 1111 3248 elegantia
1124 3161 1245 3227 Senecae
1259 3164 1397 3248 palmam

317 3275 506 3362 preripere,
528 3285 629 3332 umen
652 3292 701 3331 res
723 3269 811 3352 ipsae,
833 3291 907 3351 quas
927 3283 1073 3348 tractant,
1098 3285 1212 3334 tuntum
1234 3271 1343 3334 absunt
1363 3287 1399 3334 ut

319 3389 460 3449 eamdem
476 3383 681 3468 praestantiam
693 3405 756 3466 prae
771 3401 803 3444 se
816 3381 932 3458 lerant,
950 3397 982 3444 ut
998 3405 1036 3446 ne
1051 3384 1312 3466 comparationem
1324 3385 1398 3466 qui-

319 3497 390 3558 dem
403 3493 588 3576 permittant.

360 3599 499 3676 Accedit,
523 3599 605 3680 quod
622 3594 748 3662 Senecae
766 3595 898 3658 morales
918 3596 1051 3678 epistolae
1068 3595 1191 3660 unicum
1209 3598 1256 3660 sui
1275 3599 1398 3681 generis

353 3793 362 3824 ¹
374 3789 442 3843 Vide
453 3809 480 3842 v.
489 3810 511 3843 c.
522 3787 569 3861 Ep.
583 3802 644 3851 xxt,
657 3787 680 3838 5.
697 3783 775 3853 Quod
788 3783 911 3858 Epicurus
922 3783 1004 3837 amico
1019 3803 1064 3837 tuo
1081 3785 1162 3856 potnit
1177 3786 1336 3858 promittere,
1350 3787 1398 3840 tue

321 3883 371 3936 tibi
377 3883 500 3949 prontitto
511 3918 519 3945 ,
532 3879 625 3932 Lucili.
636 3876 733 3930 Habeo
743 3877 819 3944 apud
829 3885 946 3944 postem
956 3877 1091 3944 gratiam,
1106 3893 1216 3942 possum
1226 3895 1326 3929 moeum
1340 3879 1399 3928 du-

320 3985 414 4027 mturn
425 3977 533 4027 ηοωίησ
542 3973 655 4024 educere.

353 4066 444 4118 ’Nam
455 4085 508 4116 non
518 4082 607 4116 omues
617 4060 721 4115 Senecae
736 4058 861 4133 Epistolas
878 4055 985 4112 morales
1001 4067 1100 4110 attalem
1115 4057 1202 4111 tulisse
1214 4069 1281 4132 patet
1293 4078 1321 4111 ea
1334 4058 1400 4112 Auli

322 4155 400 4209 Gellii
411 4155 484 4208 Noct.
495 4153 572 4212 Attic.
585 4153 635 4204 ΧΠ
642 4191 650 4216 ,
662 4175 692 4221 a,
705 4151 749 4204 ubi
760 4149 846 4204 laudat
858 4149 974 4220 quedam
985 4147 1064 4202 exlib.
1075 4149 1158 4200 XXll.
1170 4147 1234 4223 Epp·
1242 4167 1299 4220 quat
1310 4149 1338 4202 in
1349 4150 1400 4202 de-

322 4246 425 4323 perditis
443 4258 509 4300 sunt.
525 4225 565 4296 lie
583 4242 707 4297 divisione
724 4242 789 4316 Fpp.
803 4241 831 4294 in
846 4239 922 4294 libros
936 4241 968 4292 cl.
989 4237 1099 4292 Fabricii
1119 4237 1186 4291 Bibl.
1206 4239 1259 4292 bat,
1276 4239 1336 4294 tot.
1357 4239 1398 4302 ll,

323 4363 346 4412 p.
362 4361 422 4409 top,
435 4351 487 4391 not.
497 4359 522 4406 q.
533 4336 573 4390 ed.
585 4337 646 4390 Ern.
