2975 4992
353 450 391 536 14
608 447 640 513 s.
669 445 1163 518 scnwsronffiusnnr

348 591 403 652 Th.
412 580 451 650 'de
461 587 548 667 luges
560 602 726 672 excerptas.
735 589 862 652 Talibus
876 589 1021 672 praesidiis
1032 589 1167 652 instructi
1175 589 1252 653 tales
1261 590 1318 652 riri
1328 610 1433 674 operae

345 695 481 778 prolecto
492 692 625 779 pretium
636 694 736 756 lacere
748 694 930 767 debuerunt;
945 707 992 772 et,
1008 715 1117 778 magna
1136 696 1259 778 quidem
1272 711 1429 780 exparte,

345 803 426 865 baud
437 801 527 864 dubie
538 801 684 865 lecerunt.
694 799 767 883 Quo
781 802 879 864 miuus
892 803 1005 864 mirum
1023 803 1119 865 videri
1133 804 1237 878 debet,
1253 817 1322 887 post
1338 801 1433 866 Gro-

345 908 483 981 novium,
501 927 558 991 per
570 907 721 991 integrmn
735 908 878 971 saeculum
895 923 926 971 et
937 911 1018 990 quod
1029 909 1177 983 excurrit,
1193 910 1428 992 interquievisse

346 1013 410 1076 lere
419 1013 555 1075 virorum
565 1013 724 1075 doctorum
736 1034 864 1097 operam
878 1013 998 1076 Senecae
1011 1014 1174 1097 praestitam
1186 1037 1193 1075 :
1205 1036 1266 1096 quo
1277 1015 1430 1099 temporis

346 1120 444 1204 spatio
455 1118 576 1180 nonnisi
587 1119 748 1203 repetitum
759 1117 917 1200 aliquoties
929 1119 1064 1202 reperias
1074 1117 1307 1184 Gronovianum
1319 1121 1432 1184 exem-

346 1225 449 1311 plum,
465 1224 581 1306 adjecto
597 1223 723 1289 subinde
737 1223 856 1314 delectu
873 1243 980 1286 eorum
995 1247 1059 1308 qma
1071 1247 1089 1288 a
1102 1226 1309 1309 superioribus
1326 1228 1431 1290 edito-

346 1333 431 1395 ribus
453 1334 492 1394 ad
513 1331 595 1394 hune
614 1344 770 1394 auctorem
790 1347 876 1394 erant
895 1335 1044 1398 adnotata,
1063 1331 1284 1398 Recentissirna
1301 1336 1430 1398 demum

347 1439 513 1516 memoria,
533 1437 723 1520 provinciam
741 1436 783 1498 ab
803 1436 872 1500 aliis
887 1438 1063 1501 derelictam
1085 1437 1235 1524 oeenp'ans
1249 1439 1427 1520 frma.

347 1543 495 1628 Ruhhops‚
519 1540 680 1629 Gymnasii
701 1541 934 1608 Bieleleldensis
952 1541 1109 1624 Director‚
1130 1549 1244 1608 Seneca
1261 1547 1432 1630 Philosophi

347 1673 431 1733 opem
444 1653 543 1712 denuo
559 1652 701 1730 recognito
711 1651 889 1711 ete'lhsstrutu
903 1653 993 1713 edere
1008 1652 1099 1736 coepit
1110 1651 1217 1734 Lipsius
1235 1668 1430 1728 nuccxcvn,

347 1779 400 1820 sex
412 1755 614 1818 voluminibus
624 1754 822 1828 absolvenda3
837 1756 970 1838 equibus
980 1756 1107 1822 adhunc
1120 1757 1242 1840 quidem
1253 1759 1332 1822 diem
1343 1781 1431 1822 uon·
1451 1783 1456 1794 ·

346 1863 406 1925 nisi
420 1875 548 1944 quatuor
561 1863 592 1923 iu
606 1862 704 1924 lucem
721 1862 864 1950 prodiere
880 1867 1033 1945 (quorum
1048 1868 1178 1928 secundo
1192 1879 1281 1948 atque
1308 1868 1405 1929 tertio
1421 1914 1429 1944 ,

347 1991 414 2051 quae
425 1969 511 2032 annis
518 1984 622 2029 utnccc
631 1982 660 2030 et
670 1984 797 2030 mocccv
805 1968 997 2052 prodierunt,
1008 1970 1144 2053 Epistola
1155 1973 1196 2032 ud
1205 1971 1343 2034 Lucilium
1353 1994 1432 2036 oon-

347 2075 506 2153 tinentur).
515 2070 646 2156 Reliqua
657 2075 717 2136 duo
728 2074 883 2136 solumina
895 2074 991 2137 adhuc
1000 2076 1208 2139 desiderantur
1215 2091 1235 2138 ⁹.
1245 2075 1320 2158 Quas
1331 2099 1431 2160 quum

347 2181 389 2244 ita
403 2181 465 2243 sint
473 2225 483 2258 ,
507 2180 653 2264 quoniam
676 2201 713 2244 ex
736 2201 787 2246 me
808 2181 900 2262 quaeri
924 2183 1005 2245 haud
1020 2183 1174 2246 immerito
1189 2203 1280 2268 posse
1295 2184 1431 2256 vitetur.

348 2289 458 2372 quibus
480 2287 648 2351 rationibus
672 2301 861 2361 commotus,
884 2307 980 2369 quave
1005 2288 1098 2350 fretus
1124 2289 1249 2367 hdueia,
1273 2309 1330 2372 ego
1345 2311 1433 2354 nune

348 2395 481 2458 maxime
493 2393 652 2458 consilium
665 2395 801 2478 ceperim
816 2396 996 2456 eurumdem
1010 2395 1202 2476 Ephtolurum
1214 2383 1345 2472 Seneca,
1357 2398 1434 2480 qui-

348 2501 406 2563 bus
421 2501 451 2562 in
465 2501 661 2563 emendandis
676 2498 921 2584 expoliendisque
932 2499 1023 2561 iidem
1036 2499 1079 2561 illi
1094 2519 1216 2577 omnes,
1232 2519 1307 2582 quos
1321 2504 1432 2566 nomi-

349 2606 435 2684 nari,
449 2606 614 2669 doctissimi
630 2604 689 2667 riri
703 2604 919 2682 elaborarunt,
935 2606 1033 2667 denuo
1051 2607 1250 2678 edendarum
1266 2621 1434 2672 cousenta-

349 2734 442 2776 neum
456 2713 563 2790 luerit,
575 2725 608 2774 ut
622 2711 873 2787 assessionem,
891 2731 956 2793 quse
971 2711 1046 2772 mihi
1061 2712 1100 2773 ad
1115 2711 1335 2795 suscipiendam
1347 2713 1434 2777 hane

348 2840 478 2904 operam
489 2819 592 2882 oblata
601 2829 663 2891 est,
671 2830 702 2880 et
710 2816 837 2880 omnino
851 2817 970 2880 consilii
982 2817 1078 2880 nostri
1089 2817 1240 2880 rationem
1253 2820 1356 2903 paucis
1372 2841 1434 2885 ex-

349 2947 473 3011 ponam.

391 3031 476 3094 luter
484 3029 601 3112 reliqua
608 3028 786 3112 Philosophi
795 3029 891 3092 nostri
897 3049 992 3113 opera
1000 3029 1103 3092 multis
1109 3031 1283 3094 nominibus
1291 3030 1433 3094 eminere

349 3137 427 3200 milti
436 3158 559 3220 semper
567 3136 638 3198 visae
644 3147 732 3198 eraut
740 3136 877 3218 Epistulae
886 3135 933 3196 bae
939 3139 1075 3212 morales,
1086 3135 1127 3196 od
1136 3137 1275 3198 Lucilium
1285 3136 1409 3219 scriptae
1422 3162 1430 3194 ι

351 3263 480 3326 quarum
494 3241 622 3304 lectione
641 3241 681 3303 ab
699 3241 821 3303 ineunte
837 3240 1039 3304 adolescentia
1053 3259 1117 3302 non
1130 3243 1223 3303 modo
1236 3241 1434 3325 singulariter

350 3373 402 3416 rne
417 3350 614 3427 delectatum,
633 3348 731 3411 sedin
744 3347 848 3411 miultis
859 3348 950 3410 etiam
965 3347 1072 3416 deinde
1090 3361 1179 3430 atque
1196 3349 1305 3424 variis,
1318 3349 1434 3430 quibus

351 3478 423 3520 usus
437 3477 521 3534 suun,
536 3469 710 3540 temporum
723 3453 947 3518 difficultatibus
963 3475 1169 3538 saepenumero
1186 3467 1355 3517 recreatum
1373 3455 1435 3517 fir·-

352 3577 527 3645 matumque
551 3583 656 3626 meum
678 3563 815 3625 animum
838 3583 927 3637 esse,
952 3561 1032 3626 ultro
1053 3561 1209 3646 profiteor.
1232 3561 1303 3645 Quo
1330 3563 1434 3646 magis

351 3684 459 3756 optare
473 3669 600 3738 subinde
613 3670 766 3748 subierat,
777 3681 810 3731 ut
818 3669 1005 3752 frequentior
1018 3669 1050 3730 in
1063 3668 1202 3732 manibus
1215 3669 1358 3752 juvenum
1375 3689 1433 3730 se·

352 3796 485 3859 numque
504 3776 586 3840 liber
596 3776 664 3838 iste
683 3788 878 3859 versaretur:
894 3776 976 3857 quod
994 3773 1116 3855 quidem
1133 3773 1208 3837 olim
1224 3773 1291 3842 fieri
1305 3772 1434 3836 solitum

353 3905 437 3962 esse,
457 3903 527 3946 enm
541 3903 577 3944 ex
593 3901 704 3966 magno
718 3900 848 3943 numero
862 3880 1001 3944 codicum
1022 3881 1295 3964 manuscriptorum
1309 3880 1360 3961 qui
1377 3901 1435 3942 su·-

354 4002 493 4075 persunt‚
515 3989 624 4072 quibus
640 3987 763 4052 Senem
785 3985 931 4072 Epistola
944 3987 1147 4065 eontinentur,
1164 4001 1229 4050 tum
1242 4008 1279 4049 ex
1292 3984 1434 4070 pluribus

389 4167 471 4222 ¹Hoee
484 4163 656 4219 scribebantur
675 4183 744 4217 anuo
764 4175 907 4228 mnccc1x;
921 4181 990 4216 nunc
1003 4173 1086 4216 autern
1101 4162 1219 4234 quintum
1235 4161 1285 4214 sol.
1304 4160 1331 4213 in
1345 4160 1433 4214 luceru

357 4250 470 4324 prodiit,
482 4263 576 4302 sextum
591 4249 673 4302 adhue
687 4261 845 4323 expectatur,
861 4260 887 4300 ut
904 4245 931 4299 in
946 4247 1091 4322 prelatione
1109 4259 1192 4303 nostra
1206 4245 1287 4326 primo
1303 4245 1433 4300 volumini

357 4334 482 4408 praemissa
492 4334 645 4389 monuimus.
657 4333 709 4386 En.
