2975 4992
339 448 407 541 sss
634 444 1120 515 L.ANNAE15ENECAE

338 577 470 669 giorem
479 564 600 643 eodem
611 573 686 643 loco
695 594 876 667 speravero
887 598 1034 659 moram,
1048 594 1131 645 mne
1142 577 1234 645 istud
1243 580 1280 647 in
1294 604 1407 649 manus

297 718 312 751 ι
337 713 479 761 sumum.
496 688 664 781 Quaedam
676 691 771 756 euim
785 704 883 771 sunt,
901 714 978 781 qum
989 692 1097 784 possis
1110 694 1191 761 etin
1203 696 1311 762 cisio¹
1328 699 1407 765 scti-

336 810 438 894 bere,
452 805 606 900 quedm
620 806 774 887 lectum²,
787 823 821 874 et
832 808 956 893 otium,
972 824 1008 877 et
1019 826 1187 879 secretum
1197 810 1404 882 desiderant.

335 924 568 994 Nihilominus
577 922 633 991 his
644 946 784 1015 quoque
792 925 966 1017 occupatis
975 918 1115 993 diebus³
1128 942 1251 1021 agatur
1260 927 1403 1019 aliquid,

337 1040 527 1133 etquidem
548 1042 627 1109 totis
645 1066 653 1106 :
674 1062 848 1132 nunquam
866 1042 957 1109 enim
972 1066 1042 1111 non
1063 1044 1247 1113 succedent
1264 1068 1407 1139 occupa-

336 1157 446 1225 tiones
457 1179 555 1223 nove
567 1183 578 1242 3
591 1158 735 1223 serimus
749 1155 825 1224 illas
839 1182 847 1222 ε
864 1158 981 1249 itaque
995 1182 1037 1227 ex
1049 1182 1118 1226 unu
1132 1176 1259 1229 exeunt
1269 1160 1403 1253 plureis

336 1273 461 1343 deinde
487 1272 552 1365 ipsi
571 1272 670 1340 nobis
696 1272 895 1341 dilationem
915 1273 1044 1343 damus.
1069 1303 1085 1339 u
1102 1275 1218 1368 Quum
1235 1277 1304 1345 hoo
1327 1302 1405 1370 per-

334 1412 455 1481 egero,
468 1403 538 1456 toto
558 1388 671 1456 animo
691 1387 885 1455 incumbam
895 1381 927 1469 *ς
941 1405 993 1471 et,
1016 1392 1046 1457 si
1056 1390 1224 1459 hamorem
1238 1391 1405 1459 molestam

334 1524 575 1596 composuere,
598 1492 734 1569 studio⁵
751 1524 804 1567 me
818 1500 919 1571 dabo.
937 1528 953 1564 n
975 1541 1013 1553 -
1032 1504 1128 1589 Non,
1145 1528 1251 1595 quum
1266 1530 1405 1575 vacere-

333 1620 400 1697 ris,
421 1615 733 1713 philosophandum
751 1630 830 1683 est:
855 1617 966 1683 omnia
984 1618 1050 1685 alia
1074 1619 1284 1713 negligenda
1306 1640 1402 1705 sunt,

333 1750 371 1802 nt
394 1734 477 1802 huic
500 1732 727 1816 assideamus,
754 1731 810 1798 cui
834 1730 965 1801 nullum
991 1748 1122 1827 tempus
1145 1736 1225 1803 sutis
1247 1760 1404 1828 magnum

333 1865 403 1929 est,
423 1850 567 1916 etiamsi
585 1872 605 1915 a
619 1846 766 1939 pueritia
781 1847 946 1940 usquead
965 1849 1178 1943 longissimos
1194 1851 1335 1919 humani
1346 1854 1405 1918 aevi

332 1966 497 2033 terminos
520 1966 590 2033 vitu
615 1956 861 2057 producatur⁶.
881 1966 957 2032 Non
979 1965 1121 2035 multum
1146 1966 1273 2050 refert,
1293 1982 1405 2035 utrum

333 2082 467 2148 omittas
492 2079 764 2173 philosophiam,
791 2056 836 2145 an
861 2079 1091 2148 intermittas:
1114 2104 1182 2147 non
1206 2083 1319 2161 enim,
1348 2082 1405 2148 uhi

333 2200 525 2289 interrupta
543 2213 614 2278 est,
636 2211 769 2281 munet,
790 2195 869 2276 sed,
895 2202 1012 2263 eorum
1032 2202 1163 2277 morel,
1180 2220 1257 2287 quae
1276 2199 1404 2265 intenta

331 2307 543 2397 dissiliunt⁸,
564 2334 674 2405 usque
696 2310 739 2379 ad
758 2312 855 2378 initia
875 2336 935 2380 sua
953 2316 1119 2395 recurrit,
1143 2313 1237 2404 quod
1258 2338 1279 2381 a
1295 2318 1405 2385 conti·

333 2431 494 2499 nuatione
512 2428 680 2497 discessit.

294 1489 309 1540 3

290 2538 306 2601 ⁴
380 2543 619 2614 Resistendum
633 2559 685 2612 est
696 2543 990 2637 occupationibus,
1004 2568 1072 2613 nec
1082 2543 1290 2637 explicandae
1301 2551 1329 2629 ⁹,
1347 2547 1406 2615 sed

366 2754 387 2785 s.
400 2732 520 2786 incisio.
536 2733 561 2787 Α
577 2730 694 2784 Pinciani
708 2730 843 2803 sagacitate
894 2731 921 2782 in
932 2732 1235 2804 commentariissliisque
1246 2733 1315 2787 libris
1324 2734 1406 2807 philo·

331 2822 381 2875 est,
392 2830 472 2883 quum
483 2809 543 2863 libri
559 2811 611 2862 lere
627 2809 737 2863 habeant
747 2826 754 2861 ·.
764 2812 844 2861 insci·
892 2808 1001 2881 sophicis
1018 2811 1197 2882 componendis
1215 2814 1406 2880 quummaxime

329 2894 377 2942 sio.
388 2888 475 2942 Minus
484 2888 567 2957 placet
575 2890 602 2939 in
611 2890 690 2953 circo,
704 2888 772 2959 qood
784 2886 840 2958 qui·
891 2900 1034 2958 occupatus.
1046 2888 1085 2940 Cf.
1099 2890 1144 2959 Ep.
1153 2904 1233 2941 xxxtx
1243 2890 1300 2943 init.
1312 2890 1407 2942 flunt.

329 2966 389 3019 dsrn
407 2965 481 3018 codd.
500 2962 569 3017 dent.
589 2966 671 3017 Locus
685 2962 793 3016 Sueten.
813 2964 841 3016 in
923 2965 1406 3036 4.Incumbunssubsudipltiiosoplsioe.

327 3044 382 3097 vite
393 3045 483 3096 Octav.
495 3044 540 3109 45,
559 3041 611 3095 huc
628 3041 718 3095 allatus
735 3063 750 3094 a
767 3042 841 3095 Grut.
925 3047 948 3095 5.
959 3043 1054 3096 Studio
1065 3044 1240 3118 philosophia.
1251 3046 1345 3099 Ruit.

327 3135 353 3174 et
364 3122 449 3194 Lipsio
461 3140 551 3195 parurn
561 3120 670 3195 prodest.
686 3122 785 3174 Cisium
795 3141 841 3173 su·
922 3122 947 3173 6.
961 3122 1127 3177 Producam
1138 3125 1178 3177 ed.
1192 3126 1228 3177 Ii.
1242 3133 1269 3178 et
1286 3146 1334 3179 ms.
1348 3128 1405 3179 Col.

327 3199 378 3250 teiu
401 3210 438 3250 est
460 3218 541 3272 genus
564 3196 678 3250 vehiculi
703 3198 840 3270 gestatorii.
889 3202 1405 3279 ProduciturArg.b.Psr.a.b.d.Vulgo

326 3276 468 3345 Qutcdsm,
481 3277 529 3339 sit,
542 3296 586 3352 per
598 3276 647 3329 iter
659 3290 702 3330 sut
716 3276 840 3349 gestetio-
886 3281 1056 3344 protenditur.
1067 3279 1149 3333 Scine.

325 3378 385 3411 uem
399 3358 474 3411 etism
487 3354 571 3410 scribi·
582 3356 673 3411 Ruit.
922 3378 945 3425 7.
956 3356 1057 3411 Eorum
1066 3378 1154 3425 more,
1168 3363 1342 3427 puoeintenta
1351 3364 1406 3413 dis-

358 3456 380 3489 2.
397 3434 505 3487 Lectum
520 3453 554 3488 sc.
570 3434 778 3487 lucubratoriam.
796 3434 838 3488 ste
887 3436 993 3497 siliunt,
1003 3436 1274 3505 usqueadinitiusua
1284 3441 1404 3498 recurrit,

322 3514 412 3566 Horat.
420 3512 502 3564 Serm.
511 3512 534 3579 1,
546 3513 571 3577 4,
582 3510 761 3583 sidtsNeqne
770 3512 838 3564 enim
888 3512 960 3581 qisod
975 3534 993 3564 a
1007 3516 1196 3567 continuantibus
1215 3516 1345 3568 discessit.
1362 3516 1406 3568 Sic

323 3610 403 3661 quum
414 3588 520 3643 lectulus
530 3601 573 3641 sut
582 3608 625 3640 me
640 3589 757 3641 Porticus
770 3608 839 3641 exce·
887 3608 975 3643 omnes
987 3591 1037 3643 lere
1048 3591 1123 3644 codd.
1132 3605 1155 3644 et
1168 3592 1228 3646 edd.
1238 3594 1362 3646 Erssmus
1371 3594 1405 3647 sl.

322 3670 376 3742 pit,
385 3666 473 3720 desum
483 3666 574 3719 mihi.»
582 3666 819 3719 Rutu-ovidius
830 3686 837 3720 ε
888 3666 982 3721 habent
992 3688 999 3721 s
1010 3672 1201 3722 continuatione
1211 3690 1272 3723 suu.
1285 3672 1378 3722 nunt.

321 3768 336 3793 «
348 3747 408 3798 Non
422 3745 477 3800 hoe
486 3744 513 3797 iu
524 3744 632 3804 nostris,
648 3756 675 3795 ut
689 3744 837 3814 quondam,
920 3748 1216 3814 8.Intentudissi1iunt,
1230 3764 1258 3803 ut
1270 3753 1356 3804 luna.
1367 3752 1403 3804 R.

320 3823 836 3888 scribimusbortis‚Necconsuete,meum,
886 3852 918 3865 -
933 3826 966 3877 Ut
977 3846 1049 3879 arcus
1066 3828 1124 3897 qui,
1139 3848 1219 3898 quum
1237 3848 1332 3882 manus
1352 3852 1404 3900 qua

319 3900 428 3964 lectule,
442 3898 836 3974 corpushabes.»Pliniuslib.V
884 3902 1035 3956 tendebatur
1054 3924 1080 3959 se
1101 3907 1216 3971 remisit,
1236 3908 1268 3960 sd
1288 3910 1401 3982 priorem

319 3976 503 4050 Epistsvisus
512 3990 548 4030 est
557 3976 606 4028 sibi
615 3977 730 4049 jecerein
740 3976 834 4031 lectulo
886 3992 978 4033 ststnm
992 3983 1133 4035 revertitur.

317 4075 382 4123 suo,
397 4057 549 4129 compositus
560 4054 589 4107 in
598 4052 715 4107 habitum
723 4056 834 4109 stndsn-
915 4081 938 4131 p
952 4060 1006 4114 Nec
1017 4064 1198 4133 explicanda,
1214 4064 1234 4117 i.
1244 4085 1267 4119 e.
1279 4085 1335 4119 non
1347 4066 1401 4120 dis·

320 4133 362 4186 tis.
375 4151 389 4180 tt
883 4139 1008 4208 ponende
1029 4160 1073 4213 per
1085 4152 1196 4215 tempora
1209 4154 1235 4195 et
1249 4144 1400 4216 digerenda

350 4211 373 4262 3.
394 4210 536 4279 Occupatis
552 4210 671 4264 dicim...
685 4214 754 4265 totis.
772 4214 833 4265 Erat
883 4228 949 4267 sunt.
959 4214 1077 4284 Lipsius.
