2975 4992
333 414 401 525 ⁴64
616 432 1099 503 u.uuun1snuncu

332 564 511 635 Medorum
523 569 548 647 ¹,
568 588 632 633 nee
650 565 679 632 ti
701 562 787 656 quid
811 562 900 631 ultra
923 562 1059 633 Dahas²
1075 563 1275 633 bellicosum
1289 565 1402 657 jaeet3

331 680 392 749 sed
410 678 604 761 avaritiam,
621 675 682 745 sed
697 677 935 760 ambitionem,
957 676 1018 745 aed
1036 694 1162 747 metum
1185 679 1322 763 mortis,
1343 682 1403 773 qui

330 799 475 867 victores
494 796 645 891 gentium
663 795 756 864 vicit.
776 793 874 863 Vale.

365 1034 386 1067 ι.
398 1012 546 1067 Medorum.
562 1013 694 1067 Iudas-ism
708 1014 767 1066 Pan.
778 1015 805 1065 d.
818 1012 847 1067 S·
896 1013 942 1077 sis,
956 1013 1015 1067 dein
1033 1014 1177 1067 Alexandro
1195 1015 1233 1067 M.
1250 1014 1309 1067 lacti
1327 1029 1401 1084 sunt,

360 1114 384 1146 α.
396 1092 502 1146 Dahas.
518 1092 595 1145 Haud
618 1092 726 1145 multum
743 1094 840 1159 refert,
897 1092 1019 1166 potiorem
1038 1092 1080 1146 bie
1100 1092 1192 1147 babere
1211 1094 1299 1147 lucum
1319 1107 1401 1167 patet,

326 1168 842 1243 DadasanDaeoslegasteastatutrum·
894 1171 1104 1240 qnamDaeosad
1111 1172 1274 1239 Danubium,
1282 1172 1402 1227 obinunt

327 1268 376 1318 que
394 1248 423 1299 in
438 1245 513 1299 codd.
529 1248 650 1300 Attamen
666 1247 779 1327 quas,
797 1247 842 1319 qui
889 1249 1021 1303 Moldavia
1033 1262 1057 1304 et
1068 1249 1224 1305 Wallncbia
1237 1262 1288 1315 est,
1298 1249 1403 1304 iubebi-

326 1344 385 1377 cum
407 1324 556 1395 Massagetis
579 1323 687 1397 abbone
711 1326 840 1380 interioris
889 1340 977 1381 lantes.
994 1330 1112 1381 Extrema
1127 1328 1265 1382 Medorum
1278 1340 1339 1380 suut
1355 1329 1401 1403 ipsi

328 1402 504 1477 Asitepopulis
513 1402 638 1457 tributarii
646 1404 842 1475 quondaml’ea·
889 1402 1082 1457 Dabam.

586 1812 903 1905 EPISTOLA
934 1813 1132 1905 LXXII.

799 2044 933 2065 un*-

410 2228 505 2276 σιω
520 2234 584 2277 ussa
601 2234 801 2289 ammoneant
818 2230 857 2275 tn
873 2234 1082 2276 nuutmunsu
1099 2236 1317 2277 aninosouttttn.

358 2336 465 2392 Excusat
480 2357 507 2390 se
527 2336 592 2412 apud
604 2337 747 2400 Lucilium,
765 2338 835 2408 qnod
852 2336 1003 2405 petitionem
1015 2338 1069 2409 ejus
1083 2338 1192 2391 multum
1206 2357 1290 2412 opere
1302 2350 1327 2391 et
1340 2338 1401 2393 dili·

324 2422 417 2493 3entiae
427 2421 455 2473 in
465 2419 623 2474 discutiendo
635 2433 779 2493 puseeutem
792 2420 824 2471 ad
834 2405 962 2490 liquiduln
974 2420 1096 2475 deducere
1107 2440 1161 2473 non
1169 2422 1256 2493 possit.
1268 2422 1401 2475 Differen-

324 2509 383 2561 datn
392 2506 458 2560 bane
471 2526 525 2559 retu
539 2526 596 2572 asse
614 2507 642 2562 in
655 2518 753 2578 tempus
766 2504 881 2577 quietius.
894 2505 952 2575 Qua
970 2507 1101 2560 occasione
1120 2507 1251 2560 dilationis
1267 2509 1399 2580 queritur,

323 2592 386 2646 boni
395 2590 505 2644 studium
520 2589 621 2644 anobis
638 2587 751 2655 differri,
765 2610 845 2662 quum
858 2602 943 2643 tamen
961 2611 1013 2645 non
1024 2590 1126 2655 otiosis,
1144 2593 1187 2645 sed
1206 2593 1327 2646 omnibns
1344 2592 1401 2646 aliis

324 2676 432 2748 negotiis
442 2674 565 2749 neglectis
581 2674 751 2746 philosophias
762 2674 923 2728 assidendum
941 2675 980 2730 sit.
996 2676 1070 2729 Nihil
1087 2676 1209 2729 inuidere·
1222 2697 1312 2748 posse,
1328 2678 1401 2749 qnod

323 2758 460 2833 sapientem
472 2756 602 2832 impediat,
611 2776 691 2828 quum
702 2758 769 2820 sint,
778 2754 1015 2831 quaprolicientem
1026 2758 1178 2811 abstrahant.
1188 2758 1317 2827 Quaenam
1326 2759 1400 2813 illum

322 2841 476 2915 sapientem,
496 2840 568 2911 enjus
587 2858 716 2891 summum
727 2838 824 2893 boum
841 2840 892 2910 jam
910 2838 988 2894 fixum
1005 2854 1041 2895 est
1061 2856 1085 2895 et
1102 2842 1278 2911 immutabile,
1298 2845 1400 2897 turbare

322 2925 437 3000 possent!
448 2927 517 2978 Nam
527 2937 630 2977 externa
640 2937 700 2977 sunt
708 2924 776 2976 levia
786 2936 810 2976 et
820 2934 944 2977 summam
957 2937 1055 2979 tantum
1067 2940 1151 2979 entem
1163 2927 1304 2999 affingunt.
1317 2929 1401 2982 Aliter

322 3027 362 3061 res
372 3028 400 3060 se
417 3006 492 3059 babet
504 3005 532 3057 in
549 3006 714 3080 proficiente,
728 3007 774 3076 qui
787 3005 837 3058 nisi
853 3006 977 3073 attendit,
993 3020 1129 3081 gravatur:
1143 3029 1158 3060 a
1175 3030 1227 3079 quo
1240 3008 1287 3061 illa
1298 3020 1401 3062 emuna

321 3090 396 3143 avide
408 3102 595 3163 exspectantur,
607 3089 698 3159 quibus
710 3090 861 3163 comparatis
870 3128 878 3154 ,
887 3108 985 3163 temper
996 3110 1050 3164 spes
1059 3111 1184 3145 novorum
1197 3094 1310 3148 fortune
1319 3092 1401 3145 bena-

321 3174 438 3229 fitiorum
449 3174 536 3228 aucit
551 3191 557 3225 ε
571 3172 618 3225 sed
628 3173 726 3246 sapiens
738 3172 843 3227 illorum
854 3194 907 3229 non
917 3175 1017 3249 indiget
1028 3195 1035 3231 ι
1045 3196 1130 3231 secure
1143 3177 1236 3252 accipit
1246 3198 1306 3249 quse
1320 3178 1400 3233 obve-

322 3260 412 3325 niunt,
423 3280 522 3330 semper
532 3259 621 3314 letitia
632 3259 744 3313 maxima
753 3259 853 3313 lntitur.

616 3455 727 3495 sauses
745 3458 876 3495 suutnso
895 3460 949 3495 suo
968 3458 1106 3496 sunnia.
1165 3438 1170 3445 '

335 3616 338 3620 ·
368 3577 469 3670 Qnon
491 3579 617 3669 quaeria
640 3602 662 3645 a
679 3602 751 3659 me,
773 3577 926 3670 liquebat
951 3580 1055 3662 mihi,
1076 3602 1180 3671 quum
1208 3605 1286 3649 rem
1303 3581 1397 3651 edis·

318 3717 464 3777 cerem,
498 3716 561 3786 per
587 3699 645 3761 se'
678 3723 685 3757 ι
724 3692 784 3761 aad
812 3694 872 3765 diu
900 3719 969 3763 nun
1001 3696 1165 3763 retentavi
1194 3700 1397 3766 memoriam

352 3924 374 3958 1.
387 3903 479 3975 Quum
496 3924 550 3957 rem
564 3907 716 3967 ediscerem,
731 3926 827 3977 perse.
876 3904 1105 3979 quodaPiueiano
1126 3910 1198 3973 (non
1215 3908 1248 3961 ab
1266 3910 1395 3977 Erasmo)

315 3980 544 4054 Sicpeaeommode
552 3982 592 4034 ed.
602 3983 827 4037 Ven.cumed.A·
875 3986 1396 4061 acceperatbipsins,eteonsentinntmsa

317 4069 340 4109 et
349 4078 394 4111 ms.
405 4080 426 4112 c.
441 4059 491 4112 nisi
501 4059 571 4131 quod
583 4060 610 4113 iu
622 4060 662 4113 bis
672 4061 771 4114 duobus
781 4061 827 4113 vi·-
875 4066 939 4137 Arg.
951 4066 975 4117 b.
983 4076 1007 4115 et
1018 4064 1076 4117 Par.
1085 4065 1110 4117 d.
1123 4064 1172 4117 nisi
1180 4065 1252 4135 quod
1260 4066 1354 4119 vitiose
1364 4065 1393 4118 bi

314 4134 825 4191 tioseednceremscribitur.Poteratetiam
873 4142 1024 4196 edidicemm
1033 4141 1233 4197 babenttsedin
1242 4145 1392 4219 parenthesi

315 4211 445 4283 vulgatum
458 4213 641 4283 letri‚sicrem
650 4218 823 4287 edidiceram,
874 4220 991 4293 ponenda
1006 4234 1078 4273 erant
1097 4218 1149 4275 baee
1163 4220 1262 4290 verba,
1283 4236 1308 4275 el
1330 4222 1393 4275 dein
