2975 4992
328 430 388 474 tao
608 409 648 474 L.
674 405 852 472 ANNAEI
875 404 1093 475 sENttcAE

277 563 291 612 7
319 533 633 625 quibusangori’-
641 533 769 625 Accipe
780 533 884 624 hujus
895 535 946 601 rei
960 531 1132 627 regulam!
1147 534 1217 600 Aut
1228 556 1378 626 prasen-

318 647 410 716 tibus
428 664 647 739 torquemur,
666 664 725 717 aut
742 648 889 732 futuris,
907 665 967 717 aut
981 653 1148 741 utrisque.
1164 649 1216 717 De
1230 671 1378 741 praesen-

320 762 412 831 tibus
435 763 533 831 facile
556 780 607 831 est
624 764 807 856 judicium.
829 764 867 833 si
883 788 1009 857 corpus
1024 780 1120 833 tuum
1138 762 1284 831 liberum
1303 778 1376 842 est,

317 902 435 945 mnum
445 894 513 961 est,
529 902 593 947 nec
607 879 697 946 ullus
711 903 752 946 ex
762 880 890 971 injuria
902 878 1000 948 dolor
1010 897 1081 966 est3
1096 878 1287 947 videbimus
1298 877 1379 969 quid

315 993 465 1062 futurum
480 997 525 1062 sit
543 1021 552 1061 t
568 994 670 1063 hodie
683 994 771 1062 nibil
785 996 913 1088 negotii
928 995 1043 1064 babet.
1063 993 1109 1062 At
1119 997 1209 1063 enirn
1227 995 1378 1062 futurum

317 1105 389 1175 est!
418 1108 568 1175 Primum
588 1106 739 1200 dispice,
760 1132 806 1175 an
824 1122 918 1176 certa
941 1123 1141 1201 argumenta
1162 1108 1231 1175 sint
1247 1108 1380 1173 venturi

315 1218 394 1286 mali
413 1244 421 1285 ε
437 1219 638 1313 plerumque
652 1221 744 1287 enim
759 1223 766 1252 ¹
784 1221 1033 1313 suspicionibus
1049 1220 1262 1303 laboramus3
1287 1236 1321 1285 et
1341 1218 1381 1284 it-

315 1332 404 1403 ludit
415 1334 513 1403 nobis
526 1336 608 1419 itta,
625 1360 700 1428 quae
712 1336 882 1403 conficere
892 1335 1021 1404 bellum
1032 1336 1139 1416 solet,
1156 1334 1245 1402 sama
1253 1385 1265 1420 ,
1279 1335 1380 1401 multo

275 1462 290 1513 s
315 1466 426 1521 autem
442 1452 548 1544 magis
569 1450 721 1545 singulos
740 1452 894 1520 conficit.
915 1454 968 1520 Ita
984 1468 1036 1520 est
1060 1479 1070 1519 :
1092 1454 1140 1519 mi
1158 1448 1267 1519 Lucili
1284 1447 1293 1515 l
1317 1450 1380 1517 cito

317 1563 508 1633 accedimus
527 1565 681 1657 opinioni
693 1569 728 1645 ²3
749 1587 819 1633 non
834 1566 1048 1658 coarguimus
1063 1565 1145 1646 ills,
1169 1587 1245 1656 qua
1261 1588 1325 1633 nos
1347 1565 1379 1629 in

318 1695 444 1747 metum
459 1678 656 1763 adducunt,
671 1704 736 1752 uec
747 1681 934 1749 excutimus
947 1709 956 1766 3
971 1681 1033 1748 sed
1046 1680 1270 1772 trepidamus,
1287 1682 1381 1748 etsie

317 1797 479 1867 vertimus
497 1814 614 1891 terga,
637 1796 920 1887 quemadmodum
943 1796 1017 1877 illi,
1044 1820 1128 1888 quos
1144 1796 1256 1889 pulvis
1273 1812 1381 1863 motus

318 1908 399 2003 luga
415 1934 594 2003 pecorum,
612 1912 703 1979 exuit
716 1914 852 1993 castris,
868 1928 928 1979 aut
943 1936 1029 2003 quos
1046 1912 1160 2003 aliqua
1179 1911 1294 1979 fabula
1309 1913 1381 1979 sine

316 2041 455 2095 auctore
471 2052 586 2122 sparsa
600 2029 801 2095 conterruit.
822 2028 944 2095 Nescio
963 2026 1153 2118 quomodo,
1174 2029 1282 2121 magis
1296 2051 1381 2095 vana

318 2142 545 2233 perturbant:
564 2168 645 2211 vora
664 2145 758 2211 enim
774 2141 910 2211 modum
928 2168 1025 2211 suum
1043 2144 1171 2212 habeut
1186 2172 1197 2231 3
1214 2142 1384 2235 quidquid

317 2282 359 2325 ex
379 2261 509 2339 incerto
533 2244 647 2345 venit,
669 2261 873 2352 conjecturae
888 2275 924 2329 et
942 2262 1095 2355 paventis
1112 2261 1216 2329 animi
1239 2261 1384 2329 licentia

271 2398 289 2449 o
315 2375 470 2457 traditur.
489 2376 582 2444 Nulli
596 2378 711 2468 itaque
725 2392 792 2447 tam
804 2376 986 2468 perniciosi
999 2393 1097 2460 ,tam
1112 2377 1379 2460 irrevocabiles,

315 2517 416 2584 quam
429 2488 647 2586 lymphatici³
662 2509 772 2561 metus
789 2509 886 2578 sunt3
904 2496 1017 2562 caeteri
1031 2496 1122 2561 enirn
1139 2496 1213 2562 sine
1227 2497 1378 2575 ratione,

313 2608 351 2675 hi
367 2611 440 2678 sine
453 2625 565 2687 mente
579 2623 669 2677 sunt.
686 2611 901 2700 Inquiramus
915 2612 1029 2702 itaque
1042 2612 1080 2679 in
1094 2634 1165 2679 rem
1180 2610 1378 2705 diligenter.

313 2724 505 2799 Verisimile
522 2740 595 2807 est,
614 2724 746 2819 aliquid
764 2726 913 2795 futurum
930 2727 1010 2793 mali
1025 2728 1040 2793 l
1054 2749 1123 2794 non
1139 2728 1249 2795 statim
1262 2750 1381 2795 verum

350 2994 371 3025 t.
387 2974 545 3043 Plerumque
561 2981 630 3029 enim
631 3016 686 3031 .......
701 2978 823 3049 corficete
870 2978 922 3048 jam
934 2979 1070 3050 patiuntur.
1084 2980 1173 3033 Metus
1183 2979 1327 3033 enimdeo
1335 2982 1382 3033 im·

313 3050 418 3102 bellum.
430 3051 470 3103 Ad
489 3053 555 3105 Livii
568 3054 644 3105 verba
663 3054 731 3107 diras
750 3072 822 3127 aspe-
871 3056 962 3126 probus
978 3068 1025 3119 est,
1038 3068 1067 3109 ut
1079 3057 1154 3111 multi
1166 3060 1236 3127 quod
1246 3071 1382 3111 venturum

314 3140 381 3178 ctum
393 3128 498 3191 XXVII,
510 3130 555 3198 47:
567 3131 646 3183 Fama
656 3132 752 3185 bellum
763 3152 823 3185 eon·
870 3133 1381 3209 videtur,anticipentEuripidespariter:

313 3200 748 3293 fidlelteqvamomentainspom
763 3228 823 3259 me-
887 3250 996 3305 ἤπωτὶ
1027 3250 1110 3301 ,nef
1144 3251 1308 3303 ‘’rw''

313 3292 398 3331 tumve
416 3300 514 3334 animos
534 3283 673 3357 impellunt.
691 3284 731 3337 Cl.
752 3285 823 3337 Curt.
1005 3272 1030 3317 μ
1077 3273 1089 3301 ’
1112 3274 1142 3317 ’Ψ
1172 3274 1191 3303 ¹¹
1263 3273 1349 3319 ’‘W‘'

312 3356 350 3407 Ill
360 3392 368 3421 ,
379 3356 407 3421 8,
420 3378 445 3422 7,
459 3358 536 3431 intpp.
546 3358 642 3421 Rufus,
890 3331 993 3393 ὧςτοῧγῑ
1001 3330 1103 3396 πάσχειν
1111 3329 1211 3381 scinde
1218 3332 1382 3397 μΐζονιαιόν·

347 3454 370 3485 a.
387 3436 540 3495 Accedimus
557 3440 680 3507 opinioni.
694 3446 777 3512 Atque
789 3441 824 3495 its
873 3442 952 3509 Quod
973 3454 1010 3493 est
1033 3443 1146 3495 futurum
1168 3443 1282 3513 quotidie
1299 3456 1383 3496 metus

314 3510 381 3563 mala
392 3512 565 3585 praecipimus,
577 3515 651 3569 male.
673 3515 717 3567 Bis
736 3528 823 3587 terque
872 3533 957 3572 movet
980 3537 987 3571 t
1013 3531 1040 3571 ut
1059 3520 1114 3591 plus
1131 3521 1193 3573 mali
1216 3520 1383 3592 exspectando

313 3586 382 3641 enim
395 3590 429 3641 ita
447 3592 532 3653 miseri
543 3610 549 3645 ε
560 3594 628 3665 quod
641 3594 742 3667 pulebre
759 3596 822 3651 Dio·
871 3616 947 3667 quam
958 3595 1076 3668 patiendo
1089 3598 1128 3649 sit.
1140 3596 1255 3664 Lipsius.

312 3688 389 3741 genes
407 3667 434 3721 in
447 3670 548 3725 Stobseo
562 3691 569 3725 t
585 3676 661 3725 πάντα
676 3696 716 3741 μιν
736 3674 777 3726 οἶν
793 3677 823 3727 τὰ
903 3676 926 3727 3.
938 3674 1113 3745 lymphatici.
1120 3675 1201 3727 Multa
1210 3674 1321 3747 exempla
1330 3690 1382 3729 ter-

312 3747 377 3799 dns&
397 3748 483 3813 πέφυκε
504 3752 591 3815 μᾶλλον
610 3751 747 3807 tantalum
768 3753 821 3814 eclog
870 3752 1383 3825 rorispsnici‚quemmoxlympltott‘cum

311 3824 517 3893 προσδεχομένους
540 3826 653 3883 blumio
664 3835 719 3888 τοῦς
735 3850 821 3897 παρα·
869 3827 1327 3901 voeat,inhistoriaoceurrunt:que
1337 3830 1383 3885 bic

314 3902 398 3964 ttius
413 3902 425 3951 ὅ
438 3902 463 3955 dl
475 3902 547 3969 φόὸος
559 3904 618 3957 doru
634 3905 738 3973 χαλεπός
748 3908 819 3967 lom,
869 3921 956 3961 notare
971 3907 1037 3961 nihil
1052 3909 1147 3961 attinet.
1163 3910 1204 3962 Il'e
1220 3930 1247 3961 re
1262 3911 1294 3960 el'.
1307 3910 1382 3963 Stob.

313 3982 369 4033 ὅστε
388 3982 467 4033 πολλὰ
485 3983 534 4039 ἤδη
549 3984 681 4051 apollodor
701 3985 728 4035 el
745 3985 820 4052 ἔργον.
869 3986 953 4039 serm.
964 3985 1044 4048 vul,
1059 4007 1082 4059 p.
1094 4005 1143 4039 ato
1158 4006 1195 4056 rq-
1206 3985 1312 4038 schow.
1322 3984 1383 4045 G,-

313 4056 408 4109 Omnis
415 4058 502 4129 gravia
509 4060 589 4132 m'agis
598 4062 730 4133 percellere
739 4062 822 4115 solent
869 4064 953 4116 taeker
972 4062 1006 4115 ad
1024 4064 1148 4117 Antonin.
1163 4066 1212 4130 IV,
1232 4064 1262 4127 3,
1275 4086 1299 4135 p.
1316 4066 1378 4126 tall,

313 4152 355 4187 eos
366 4134 410 4203 qui
423 4136 505 4190 sutura
516 4138 676 4211 precipiunt,
687 4160 765 4210 quam
776 4140 821 4210 qui
870 4160 885 4190 a
896 4158 932 4208 sq.
944 4138 1036 4192 nott.
