2975 4992
315 475 408 561 6241
609 465 652 541 Ia.
677 464 852 542 INNAEI
874 466 1094 543 sENncAE

314 611 384 677 Lex
401 604 445 675 de
462 600 640 673 abolendis
662 602 791 673 divitiis
814 602 924 671 fertur
949 629 959 671 ε
982 600 1038 673 bis
1062 605 1388 699 interruptionibus

313 724 446 795 suasuri
462 738 522 793 sut
540 722 727 791 dissuasuri
742 744 860 791 sumus
872 725 881 757 ¹
893 721 910 790 i
924 717 980 790 bis
1001 722 1175 811 effecturi,
1194 739 1233 792 ut
1244 724 1387 817 populns

247 822 249 828 ,
312 846 483 913 Romanus
497 854 759 935 paupertatem,
777 836 1036 909 fundamentum
1048 856 1085 910 et
1097 864 1234 912 mosum
1252 844 1386 937 imperii

201 970 203 975 ’
312 960 386 1045 sui,
412 956 566 1052 requiret
581 980 623 1027 nc
643 956 783 1045 loudet3
804 954 943 1025 divitius
957 972 1071 1026 autem
1089 981 1166 1029 snus
1184 959 1332 1028 timent?
1350 976 1387 1029 ut

312 1076 457 1179 cogitet,
476 1074 539 1144 bas
553 1098 589 1143 se
602 1072 696 1167 opud
713 1073 821 1143 victos
833 1073 1024 1165 reperisse;
1042 1073 1126 1171 hinc
1141 1074 1328 1159 ambitum,
1352 1093 1385 1143 et

226 1214 228 1221 ’
310 1190 531 1283 largitiones,
559 1204 595 1258 et
614 1188 798 1273 tumultus,
818 1188 857 1257 in
879 1187 1280 1281 Urbemssnctissimsm
1306 1206 1388 1260 tem-

309 1307 651 1401 perantissimnmquc
680 1304 867 1400 irrupisse,
897 1305 999 1376 nimis
1020 1306 1194 1376 luxuriose
1223 1310 1385 1376 ostentari

310 1426 462 1518 gentium
477 1424 607 1517 spolia,
624 1421 718 1515 quod
736 1444 826 1491 unus
848 1411 995 1515 populus
1016 1424 1183 1517 eripuerit
1203 1424 1383 1509 omnibus,

311 1542 445 1611 facilius
456 1540 501 1609 nb
516 1538 674 1608 omnibus
687 1538 749 1607 uni
761 1536 851 1630 eripi
861 1542 1116 1630 posse-Hice
1127 1541 1234 1609 sotius
1246 1556 1301 1609 cst
1311 1566 1387 1611 sua·

156 1642 159 1651 ’
251 1724 253 1732 ,
309 1656 412 1745 dere,
440 1671 475 1727 ct
496 1676 693 1749 expugnare
716 1652 875 1736 effectus,
898 1678 969 1722 non
992 1654 1277 1725 circumscribere
1290 1660 1321 1722 ².
1348 1658 1383 1727 si

309 1796 502 1868 possumus,
518 1772 643 1841 fortius
657 1770 838 1875 loquamur
850 1792 860 1837 ε
873 1770 903 1838 si
920 1771 1055 1854 minus,
1077 1768 1231 1867 apertius
1240 1763 1269 1841 ³.
1284 1772 1380 1843 Vsle.

342 2005 562 2062 1.Hn...summ.
573 2007 673 2080 Supina
684 2006 737 2078 iam
748 2024 820 2059 esm-
900 2006 925 2060 3.
943 2008 1079 2076 Aaron.
1100 2008 1203 2075 Scilicet
1221 2010 1382 2065 sermonibus

308 2083 367 2136 dam
380 2084 537 2137 sententiam
559 2084 680 2159 expressit
704 2082 796 2136 Noster
810 2122 819 2151 ,
869 2082 999 2138 intellectu
1010 2087 1185 2142 facilioribus:
1202 2090 1322 2159 namqui
1334 2111 1383 2142 an-

306 2160 377 2213 verbi
390 2181 415 2234 g.
429 2180 509 2231 quum
520 2153 584 2214 dixit
593 2180 666 2235 supra
681 2176 715 2213 :a
727 2158 818 2213 subula
865 2161 958 2228 diunt,
980 2164 1035 2219 istis
1057 2168 1225 2242 captiunculis
1245 2172 1382 2224 stoicorum

306 2239 407 2291 leonem
418 2238 519 2311 excipis.
532 2260 547 2287 s
866 2237 999 2314 impediti,
1012 2242 1073 2296 dum
1085 2244 1161 2298 rerba
1168 2246 1243 2317 sequi
1249 2248 1382 2314 laborant,

341 2336 364 2367 ι.
393 2315 610 2371 circumscribere.
634 2314 683 2369 lnt.
711 2312 818 2371 definire
867 2338 921 2371 non
937 2334 1044 2392 ponunt
1060 2322 1122 2393 quin
1137 2343 1177 2376 res
1198 2324 1268 2397 ipsas
1286 2324 1384 2379 oblisi-

308 2391 389 2446 rerbis
402 2393 464 2464 'qnid
473 2392 532 2446 sint.
866 2408 975 2449 scrutur.

306 2586 1380 2624 m

514 2756 822 2873 Erls'ronl
848 2758 1160 2851 LXXXVIII.

773 2971 908 2995 ...ι-

305 3174 392 3217 bttm
408 3172 557 3215 blumbi
574 3174 605 3213 III
620 3176 705 3217 RONIS
722 3176 781 3216 UOR
797 3176 876 3225 1883,
899 3178 979 3218 miili·
996 3177 1033 3217 AB
1051 3180 1203 3221 rtnrurrsr
1213 3176 1382 3224 'Comu-

335 3306 375 3359 De
385 3305 477 3381 pretio,
492 3304 560 3378 quod
571 3305 717 3359 liberalibus
727 3304 817 3359 studiis
825 3343 834 3371 ,
843 3306 1040 3372 Grammsticoe,
1050 3272 1173 3376 Moriere,
1184 3311 1345 3369 Geometriae
1356 3328 1382 3368 et

304 3396 470 3452 Astronomise
480 3396 642 3449 statuendum
652 3396 699 3463 sit,
710 3416 768 3449 cnm
780 3398 862 3451 arnico
873 3399 1023 3453 sententiam
1034 3420 1106 3453 suam
1117 3414 1221 3474 rogatus
1232 3406 1381 3458 communi-

302 3482 412 3537 totJam
423 3502 502 3555 quum
513 3485 648 3535 meritoria
657 3482 725 3549 sint,
737 3502 785 3535 nec
794 3481 892 3535 bonrm
902 3483 986 3537 virum
998 3482 1130 3550 efficient,
1141 3487 1211 3556 quod
1225 3509 1261 3542 ne
1271 3492 1386 3562 promit·.

301 3580 358 3620 tunt
372 3568 489 3638 quidem,
500 3566 531 3619 iis
543 3580 645 3620 eatenus
659 3564 721 3617 boni
733 3563 795 3637 quid
810 3565 912 3632 tribuit,
930 3580 1053 3638 quatenus
1065 3584 1208 3644 preparant
1220 3571 1379 3646 ingenium,

301 3670 354 3703 non
375 3649 494 3703 detinent.
517 3648 603 3716 Quam
623 3647 727 3719 quidem
749 3647 900 3700 sententiam
917 3668 962 3721 per
981 3649 1174 3717 inductionem,
1201 3672 1283 3723 quam
1301 3675 1380 3708 roca-

301 3754 372 3799 mus,
384 3732 523 3787 accuratius
541 3730 712 3797 demonstrat,
727 3730 813 3784 omnia
825 3730 878 3785 baec
895 3732 977 3785 studia
997 3734 1113 3788 docendo
1125 3735 1193 3789 illud
1211 3758 1298 3809 neque
1314 3759 1379 3814 pre·

300 3830 382 3884 stare,
402 3837 483 3889 neque
499 3815 582 3869 velle:
596 3835 674 3887 qunrn
692 3815 784 3890 partim
802 3818 953 3889 professores
974 3817 1064 3871 barum
1082 3818 1175 3873 artium
1193 3820 1244 3874 sibi
1264 3823 1377 3876 invicem

299 3912 455 3975 repugnent,
469 3911 493 3952 et
513 3896 661 3972 plerumque
679 3896 781 3951 inutilia
798 3910 929 3969 querant,
951 3899 1042 3972 partim
1059 3900 1210 3974 cupidinum
1231 3916 1376 3958 nostrarum

176 4028 188 4041 .
300 3986 464 4038 instrumente
481 3984 557 4048 liant,
576 3981 665 4056 partim
680 3982 793 4053 quietem
811 3996 923 4037 nostram
940 3984 1050 4039 turbent.
1065 3986 1171 4041 Etismsi
1186 3988 1275 4059 itaque
1291 3990 1374 4043 studia

300 4068 413 4123 liberalia
429 4068 494 4122 nibil
508 4070 642 4123 conferant
658 4067 763 4135 virtuti,
780 4080 865 4121 tamen
884 4069 1035 4143 expediunt,
1050 4083 1175 4142 quatenus
1186 4074 1323 4146 ingenium
1340 4075 1375 4128 ad

298 4153 485 4225 disquisitiones
495 4154 624 4226 greviores
636 4166 785 4228 preparant.
796 4154 866 4207 ilinc
878 4155 991 4226 sequitur
1001 4194 1010 4221 ,
1022 4157 1055 4209 ad
1072 4157 1264 4232 philosophiam
1276 4180 1306 4212 ea
1319 4181 1373 4214 non

300 4240 423 4313 pertinere
434 4239 543 4311 ,qnippe
557 4258 615 4309 quse
626 4239 731 4293 scicntia
741 4239 804 4293 boni
818 4252 842 4292 et
858 4240 919 4295 msli
929 4241 978 4306 iit,
988 4238 1069 4313 quum
1082 4243 1165 4297 studia
1175 4243 1293 4299 liberslis
1304 4246 1373 4299 nibil

476 4345 511 4396 ‘b'
