2975 4992
382 460 663 532 EPISTOLA
685 460 855 529 LXXV.
1093 460 1158 554 495

90 594 197 662 omnia
207 598 236 681 ’ς
247 593 372 689 effugit
381 595 572 677 avaritiam,
587 593 648 661 scd
661 594 745 660 irum
758 587 1000 677 adhucsentit3
1008 590 1078 683 jum
1092 614 1161 659 non

89 709 288 780 sollicitatur
306 708 470 793 libidine,
486 711 682 778 etiamnunc
694 709 898 794 ambitione3
911 708 982 802 jam
995 732 1064 775 non
1078 732 1162 777 con-

89 828 251 920 cupiscit,
274 826 336 895 sed
354 826 468 895 adhuc
485 828 601 912 timet,
622 843 656 894 et
676 826 713 893 in
732 828 807 920 ipso
825 841 918 894 metu
939 824 982 893 ad
1005 821 1161 916 quaedam

90 945 167 1011 satis
182 944 304 1012 firmus
321 959 394 1023 est,
420 941 623 1035 quibusdem
644 941 757 1029 cedit,
783 956 926 1019 mortem
950 941 1158 1025 contemnit,

89 1056 240 1125 dolorem
255 1056 464 1125 reformidat.

134 1178 188 1243 De
202 1174 269 1242 boc
285 1173 359 1242 loco
369 1170 502 1266 aliquid
515 1174 715 1266 cogitemus.
731 1174 824 1241 Bene
836 1172 1011 1240 nobiscum
1024 1186 1160 1265 egetur,
1189 1206 1217 1241 n

88 1292 167 1359 siin
184 1292 279 1359 hunc
293 1290 508 1358 admittimur
522 1312 716 1357 numerum.
732 1291 860 1383 Magna
879 1289 1039 1357 felicitate
1057 1302 1163 1355 natu-

91 1432 153 1489 rae,
183 1431 374 1501 magnaque
397 1422 433 1475 et
457 1406 594 1473 assidua
619 1407 810 1474 intentione
837 1405 963 1489 studii,
994 1404 1163 1474 secundus

88 1540 274 1621 occupatur
291 1524 418 1622 gradus
437 1550 445 1590 :
462 1522 524 1591 sed
543 1547 587 1590 ue
604 1522 663 1591 hic
675 1522 814 1615 quidem
829 1521 1096 1593 contemnendus
1112 1538 1164 1589 est

88 1641 181 1709 color
195 1642 352 1709 tertius².
370 1641 512 1733 Cogita,
529 1654 695 1730 quantum
711 1640 803 1709 circa
817 1655 850 1709 te
869 1638 1001 1733 [videas
1012 1635 1043 1731 ³]
1063 1639 1165 1707 malo-

88 1783 185 1842 rum,
201 1756 340 1851 adspice
357 1780 459 1848 quum
472 1753 604 1822 nullum
616 1755 661 1821 sit
673 1755 768 1823 nefas
786 1756 859 1823 sine
873 1754 1044 1847 exemplo,
1061 1778 1165 1847 quan·

92 1890 162 1942 tum
176 1871 333 1967 quotidie
344 1872 498 1965 nequitia
510 1872 688 1965 proficiat,
711 1889 875 1963 quantum
893 1872 1031 1965 publice
1046 1874 1163 1966 priva·

91 1992 220 2081 timque
240 2003 427 2082 peccetur:
448 1985 620 2080 intelliges
639 1986 720 2053 sutis
733 2009 795 2053 nos
813 1988 996 2077 consequi,
1020 1988 1048 2054 si
1072 1988 1164 2055 inter

88 2107 252 2199 pessimos
263 2129 331 2172 nou
342 2128 469 2171 sumus.
481 2106 612 2197 —Ego
622 2126 721 2185 vero,
735 2102 868 2193 inquio,
882 2125 982 2196 spero
997 2127 1050 2171 me
1064 2126 1162 2197 posse
1191 2117 1219 2169 ιδ

89 2241 122 2291 et
131 2223 309 2317 amplioris
321 2221 452 2290 ordinis
462 2221 554 2288 fieri.
567 2258 619 2272 -
631 2220 831 2313 Optaverim
843 2219 909 2287 hoc
922 2219 1020 2288 nobis
1034 2223 1158 2314 magis,

88 2366 188 2434 quam
201 2339 430 2435 promiserim.
445 2338 676 2430 Praeoccupati
694 2361 829 2422 sumus3
845 2336 888 2405 ad
903 2338 1064 2407 virtutem
1079 2363 1162 2407 con-

88 2458 279 2539 tendimus,
299 2456 390 2523 inter
413 2456 497 2523 vitia
521 2454 667 2522 districti
692 2479 700 2517 ε
725 2451 832 2545 pudet
856 2452 992 2540 dicere,
1022 2457 1162 2525 honesta

87 2574 230 2642 colimus
243 2587 407 2665 quantum
421 2563 556 2638 πισοῦ.
577 2566 624 2638 At
640 2591 742 2660 quam
762 2568 892 2661 grande
908 2572 1087 2663 praemium
1101 2597 1163 2641 nos

88 2705 277 2785 exspectat,
294 2689 323 2756 si
341 2686 579 2779 occupationes
597 2698 748 2771 nostras,
766 2703 800 2754 et
819 2688 905 2755 mala
928 2692 1159 2772 tenacissima,

85 2806 349 2899 abrumpimus?
364 2806 441 2872 Nou
457 2800 645 2897 cupiditas,
672 2826 740 2870 non
758 2803 862 2871 timor
881 2828 944 2873 nos
965 2805 1086 2899 pellet,
1106 2808 1162 2875 in·

86 2924 206 3018 agitati
225 2922 431 3000 terroribus,
454 2921 644 3013 incorrupti
663 2920 910 3016 voluptatibus,
933 2948 999 2993 nec
1020 2941 1162 2993 mortem

85 3134 171 3207 script.
186 3144 331 3205 agnoscunt
345 3132 453 3185 Palatini
465 3130 603 3197 nonnulli,
653 3134 975 3202 tiumilludgenusexerc,
984 3137 1163 3191 c'odomssnsu.

86 3225 163 3283 atque
178 3212 257 3265 etism
268 3211 346 3285 paulo
356 3213 510 3277 auctiorem,
522 3216 605 3265 altius
687 3232 710 3263 s.
724 3214 804 3266 Color
813 3216 913 3266 tertius.
925 3214 1005 3281 Quasi
1016 3216 1060 3285 qui
1075 3217 1102 3269 in
1113 3217 1164 3289 pri-

85 3292 140 3347 hoec
152 3297 333 3364 quumsemel
341 3296 462 3345 animum
473 3304 602 3363 ceperunt,
653 3310 697 3342 mo
714 3289 794 3367 gradu
813 3290 970 3346 collocantur
988 3293 1094 3347 omnino
1112 3292 1164 3347 sthi

84 3376 172 3423 artius
194 3374 385 3441 implicuerunt.
397 3371 482 3423 Nimis
504 3370 603 3424 conciso
652 3382 727 3441 atque
738 3370 893 3423 immaculati
903 3372 967 3441 sint,
981 3372 1043 3425 dum
1054 3387 1164 3428 stetero-

86 3448 127 3502 ed.
140 3450 187 3501 Er.
202 3464 225 3502 et
237 3470 292 3520 sqq.
306 3449 450 3523 postquam
469 3448 522 3503 ltoec
538 3452 603 3501 ani·
653 3467 709 3499 rum
722 3448 891 3501 eolorsousim
901 3450 1127 3525 obscureturprout
1137 3452 1164 3504 in

85 3550 162 3580 mum
170 3531 355 3595 tmpttcnemnt
363 3538 388 3580 et
393 3537 489 3596 perpet.
500 3528 603 3581 eto.Dc·
653 3525 785 3577 inferiores
797 3526 889 3598 gradus
902 3528 1084 3583 descendimus.

86 3607 166 3676 nique
177 3615 240 3657 actu
256 3605 310 3659 boec
324 3610 447 3657 animum
464 3610 604 3672 implicas·
686 3606 710 3657 3.
735 3606 834 3657 Videas
853 3622 995 3681 agnoscunt
1011 3609 1114 3681 quidem
1128 3610 1163 3661 R.

87 3694 149 3735 runt
173 3684 256 3736 edidit
285 3683 371 3735 Rubk.
396 3686 526 3753 quomodo
551 3686 603 3737 fere
653 3686 689 3737 A.
701 3702 722 3735 c.
741 3682 784 3735 sed
797 3697 864 3737 caret
881 3706 926 3737 ms.
940 3687 964 3737 b.
976 3707 1005 3739 ac
1023 3688 1122 3740 videtur
1135 3706 1164 3738 ex

87 3761 207 3814 scribitur
217 3762 244 3814 in
261 3763 322 3832 Arg.
334 3764 359 3815 b.
372 3774 396 3813 et
408 3763 465 3815 Par.
475 3764 498 3817 b.
511 3765 537 3815 d.
553 3764 603 3815 uisi
652 3759 749 3813 schotto
762 3760 900 3813 invectum.
914 3762 994 3816 Scbw.

87 3841 158 3908 qood
167 3840 197 3892 hi
204 3859 260 3891 non
268 3850 329 3893 actu
339 3876 347 3903 ,
357 3841 401 3893 sed
411 3852 486 3894 ectus
493 3841 601 3908 habent,
686 3842 710 3904 Δ.
723 3839 862 3910 Quantum
871 3851 955 3893 vacat.
963 3842 1002 3894 Ab
1011 3842 1099 3895 officiis
1108 3863 1164 3913 quta

86 3917 157 3985 quod
170 3939 201 3970 ιι
211 3922 299 3970 anius
313 3932 458 3991 corruptum
470 3936 477 3969 ς
489 3932 515 3972 02
525 3921 603 3973 mii.
652 3915 728 3969 nobis
750 3916 814 3969 vitia
835 3916 983 3990 plerumque
1006 3919 1142 3992 imponunt
1156 3938 1163 3973 τ

86 3997 212 4051 tuendum
226 3995 277 4049 boc
297 3995 374 4047 suerit
390 3996 500 4062 auctori,
517 4002 603 4051 artius
651 4006 776 4065 qnantum
791 4008 863 4049 vacat
876 4017 889 4048 a
902 3996 1007 4049 dirersis
1019 4000 1165 4053 muneribus

85 4079 281 4143 impla'wemnt.
290 4073 373 4128 Scbw.
408 4107 411 4116 ·
651 4092 708 4144 quse
718 4073 864 4147 impellente
875 4074 979 4128 avaritia
990 4078 1163 4151 suscepimus,

120 4175 142 4207 s.
158 4155 281 4209 Tertium
295 4155 366 4207 tund
374 4172 455 4221 genus
523 4165 601 4208 extra
652 4155 680 4209 iu
698 4172 756 4226 qum
770 4174 816 4207 nos
835 4156 886 4225 egit
904 4154 1041 4227 praecipites
1057 4157 1165 4211 ambitio

86 4238 187 4289 omrs‘c.
204 4235 235 4287 Iu
257 4232 316 4286 eliis
337 4232 396 4286 edd.
412 4232 530 4287 scribitur
546 4243 602 4286 ter·
651 4233 883 4303 etqueinsstiabilis
894 4234 1165 4311 bonorumcupiditas.
