2975 4992
465 467 730 582 Ents'ro'nn
753 483 807 551 11.
1126 480 1173 573 49

101 611 238 707 prodest
251 611 366 694 cibus,
383 635 447 680 uec
460 611 595 705 corpori
608 611 774 693 accedit¹‚
794 612 855 706 qni
869 613 981 679 statim
997 615 1173 704 ’sumptus

101 730 279 797 emittitur.
297 728 393 796 Nihil
409 753 505 820 teque
526 722 726 796 sanitatem³
746 725 914 822 impedit,
935 753 1035 824 quam
1057 706 1172 796 reme-

100 845 234 915 diorum
248 846 368 914 crebra
383 846 534 914 mutatio.
553 847 629 913 Non
646 846 740 913 venit
755 845 879 913 vulnus
895 844 939 913 ad
958 846 1170 927 cicatricem,

100 965 135 1030 iu
150 987 220 1055 quo
234 963 480 1031 medicamenta
494 955 687 1030 teutantnr⁴
707 989 715 1030 ε
736 986 806 1030 non
819 962 1024 1030 convalescit
1035 961 1170 1056 planta,

101 1101 175 1170 quat
192 1103 283 1172 saepe
300 1063 528 1146 transfertur:
550 1077 637 1145 nihil
656 1094 723 1145 tam
739 1079 824 1146 utile
837 1094 888 1146 est
896 1129 908 1163 ,
924 1096 962 1146 ut
979 1080 1175 1147 intransitu

100 1189 244 1290 prosit⁵.
260 1192 466 1288 Distringit⁶
486 1195 653 1264 librorum
672 1195 865 1265 multitudo.
889 1198 1044 1289 Itaquei,
1070 1222 1174 1291 quum
1196 1208 1212 1260 3

101 1311 217 1406 legere
241 1336 312 1380 nou
340 1313 449 1406 posuis
474 1327 636 1404 qnantum
663 1310 840 1396 habueris,
859 1314 939 1380 satis
956 1306 1028 1380 est⁰
1048 1311 1177 1380 habere

100 1444 266 1520 quantum
278 1429 384 1521 legas.
398 1463 446 1480 ·-·
456 1428 523 1497 Sed
538 1425 659 1512 modo,
676 1429 830 1521 inquiet,
843 1429 938 1497 hunc
951 1428 1077 1510 librum
1087 1429 1178 1501 evol·

136 1618 157 1650 ι.
178 1598 288 1668 Corpori
306 1598 411 1650 accedit.
431 1596 538 1650 Accedit
556 1614 617 1648 cor·
667 1597 764 1672 sopoei,
781 1598 893 1674 itemque
908 1597 954 1650 aiii
970 1597 1104 1664 nonunili,
1116 1598 1178 1649 iau-

99 1677 172 1743 μοι-ἰ,
184 1693 232 1727 rus.
241 1695 262 1728 e.
272 1687 297 1727 et
311 1674 351 1727 ed.
361 1677 395 1728 A.
405 1673 487 1729 Sedet.
653 1673 719 1726 'deti
733 1695 749 1727 a
769 1673 935 1746 Ruhkopfio,
955 1673 1000 1744 qui
1019 1686 1104 1727 tamen
1124 1674 1178 1745 ipse

134 1775 159 1808 a.
167 1753 306 1820 Sumptus.
323 1753 383 1808 Nou
394 1762 498 1806 sumtus
506 1752 619 1808 scribunt
667 1751 800 1824 vulgatum
810 1755 883 1824 quod
888 1751 1027 1805 tenendum
1035 1751 1179 1825 putarit-.-

102 1832 179 1900 todd.
197 1832 280 1898 nostri
291 1843 316 1883 et
326 1830 369 1884 ed.
381 1833 417 1884 Α.
434 1843 459 1883 et
474 1831 554 1883 Rom.
574 1831 617 1884 sed
672 1828 754 1904 Quod
760 1833 788 1882 irt
797 1833 909 1882 transitu
917 1832 1008 1898 prosit.
1028 1829 1179 1902 Belaugen's.

102 1919 238 1977 surnptus3
250 1908 358 1981 etpatdo
367 1921 438 1980 post,
450 1918 616 1976 temptantur,
669 1921 693 1962 et
703 1911 862 1962 Erfurteuses
874 1907 947 1962 codd.
958 1920 1001 1962 ut:
1010 1909 1054 1962 sed
1064 1921 1099 1961 est
1110 1908 1179 1961 aber·

103 2007 148 2060 pro
169 1993 330 2040 tentantur:
352 2006 404 2057 quo
427 1986 458 2038 de
480 2007 573 2060 genere
591 1987 619 2038 in
668 1987 732 2041 ratio
745 1988 851 2041 librarii.
865 1985 1179 2061 Suppleastquatufflud‚

104 2061 258 2116 Praesetioue
270 2063 367 2115 dietum
381 2075 431 2128 est,
447 2082 473 2134 p·
488 2063 528 2116 36.
539 2062 619 2117 Sciter.
669 2067 736 2138 qnod
749 2066 833 2118 locum
845 2083 919 2116 suum
930 2064 1098 2128 tenet'lScdsr.

137 2139 163 2192 3.
181 2139 283 2208 Abilae·
298 2143 448 2204 sanitatem?
465 2139 542 2208 Eque
563 2149 619 2192 tum
701 2143 725 2196 fi.
743 2142 1021 2210 Distringitiibrorum
1028 2146 1180 2197 uruititudo.

104 2220 264 2282 sanitatem,
278 2237 325 2270 urs.
337 2218 362 2270 b.
376 2215 456 2270 Sene.
669 2219 713 2270 ste
723 2220 790 2287 Arg.
798 2239 824 2271 a.
835 2231 860 2271 et
868 2219 894 2270 b.
903 2217 965 2270 item
979 2219 1067 2286 Ampt.
1079 2232 1103 2272 et
1113 2219 1180 2272 Par.

135 2297 161 2362 ⁴.
181 2295 218 2346 In
238 2313 290 2364 quo
309 2295 498 2346 medicamenta
516 2302 618 2346 tentan-
667 2296 1091 2369 b.d.(inPar.a.pmtoliit1.t.
1110 2309 1180 2350 retu·

104 2383 154 2424 tur.
177 2373 220 2424 Sic
239 2383 305 2424 recte
324 2371 392 2424 editt.
410 2373 485 2425 Rom.
501 2371 575 2424 Tarv.
593 2383 618 2425 et
666 2387 728 2428 etate
738 2373 858 2426 detritum
869 2374 1181 2448 est),denique0psopoei

104 2451 170 2502 Ven.
184 2471 321 2522 metusque
333 2450 449 2503 editior.
461 2471 520 2504 curu
536 2450 618 2503 russtis
669 2451 768 2504 codices
781 2471 888 2518 omnes,
899 2464 998 2522 tresque
1009 2452 1069 2515 eiii,
1088 2453 1182 2524 quibus

106 2529 199 2582 uostris
209 2530 269 2580 rub.
277 2531 368 2596 Arupi.
381 2541 406 2580 et
416 2529 482 2582 Pur.
492 2529 517 2581 b.
528 2530 555 2580 d.
565 2527 621 2598 qui·
669 2530 793 2582 Gruterus
806 2549 866 2581 usus
886 2542 930 2582 est.
945 2531 975 2580 lu
988 2529 1028 2582 ed.
1042 2531 1117 2584 Rom.
1129 2545 1183 2584 erat

105 2607 153 2659 bus
164 2607 249 2659 etalii
265 2606 377 2666 redires,
390 2605 421 2658 ab
434 2607 561 2679 Opsopoeo
574 2626 621 2658 ex-
670 2605 809 2660 Distrodit
817 2608 943 2659 librorum
950 2610 1103 2676 multitudo,
1112 2611 1182 2679 quod

106 2683 194 2746 russi,
223 2683 292 2736 haud
313 2683 389 2736 dubie
413 2684 620 2736 assentiebantur.
670 2685 697 2738 in
710 2705 765 2739 nno
781 2704 884 2738 suorum
903 2697 1039 2738 msstomm
1058 2687 1182 2740 Gruterus
1296 2735 1300 2743 .

106 2763 142 2814 In
152 2762 303 2831 quocrebru
311 2763 377 2832 med.
388 2772 448 2814 tent.
461 2761 542 2814 edidit
552 2763 621 2815 Era·
668 2762 767 2836 reperit.
780 2763 849 2814 Tum
871 2781 933 2815 vero
955 2763 1033 2816 editio
1049 2763 1182 2818 Tarvisiua
1205 2806 1208 2811 .

106 2861 176 2894 smus
187 2881 195 2904 ,
205 2840 276 2912 quod
286 2853 323 2892 est
333 2840 360 2892 in
370 2853 457 2894 nostro
466 2861 513 2894 ms.
522 2862 543 2895 e.
556 2841 621 2894 etin
670 2839 698 2892 id
713 2839 796 2907 dedit,
814 2839 883 2911 quod
896 2838 955 2892 iude
970 2839 998 2892 in
1012 2841 1076 2894 alias
1092 2861 1180 2895 omues

107 2921 146 2973 ed.
160 2921 197 2971 A.
216 2919 285 2971 Dein
302 2918 386 2971 crebro
403 2921 494 2971 medic.
513 2928 572 2972 tent.
592 2937 622 2970 ex
673 2917 796 2971 adnostra
806 2936 887 2987 usque
897 2929 1010 2989 tempora
1026 2930 1181 2982 manaverat,

107 2999 188 3052 trihus
202 2998 284 3051 mestis
300 3010 428 3050 euotetum
439 3018 454 3050 a
464 2997 573 3052 Gruteru
582 3017 621 3049 ar·
670 2994 1183 3065 Distruititartimumiibror.rrmit.quod

109 3079 188 3150 ripuit
201 3077 317 3150 Lipsius,
328 3089 353 3129 et
369 3089 471 3129 tenuere
482 3089 538 3150 post
549 3075 621 3128 iiiuru
672 3073 756 3146 ipsum
767 3072 867 3126 exhibet
876 3073 916 3124 ed.
925 3074 961 3125 A.
974 3093 1031 3126 euru
1040 3086 1127 3126 nostm
1136 3093 1183 3128 ms.

108 3156 219 3208 editores
233 3174 333 3219 omues,
346 3155 445 3206 inflecte
456 3152 582 3206 inculeato
593 3173 622 3205 ex
670 3171 692 3206 c.
709 3166 736 3208 et
753 3173 806 3206 uuo
827 3153 999 3215 Gruterianis,
1017 3155 1118 3206 namin
1131 3154 1183 3208 aiio

108 3233 318 3308 interpretatione
336 3231 477 3300 vocabulo,
489 3231 558 3303 quod
572 3230 623 3283 rui-
672 3231 792 3305 scriptura
810 3231 857 3283 ista
876 3251 891 3283 a
912 3231 1022 3285 secunda
1040 3244 1184 3285 monuerat

108 3311 179 3363 nime
198 3309 404 3363 desiderabatur:
420 3329 500 3374 namt
522 3329 551 3361 ex
572 3311 624 3364 Se-
671 3310 778 3362 invecta·
799 3308 885 3380 Nuper
902 3310 1006 3362 demum
1022 3309 1183 3383 Ruhkopfius

108 3409 179 3444 neeae
191 3389 621 3458 mente,tenture(siretemptare)
671 3387 818 3456 Distringit
835 3390 957 3440 animum
978 3387 1073 3452 edidit,
1093 3399 1183 3458 preter

108 3472 300 3523 medicamenta
309 3467 377 3520 idem
387 3466 491 3519 relatae
502 3467 544 3534 it,
554 3467 624 3539 quod
672 3465 844 3518 necessitatem
863 3477 952 3520 teneus
963 3466 1087 3539 posterius
1103 3485 1185 3518 voea-

108 3547 189 3600 modo
201 3547 311 3610 disent,
324 3547 411 3599 credru
422 3556 525 3597 mutare
539 3565 625 3598 reme-
672 3541 772 3607 bulum,
781 3541 850 3613 quod
859 3543 953 3618 respuit
959 3544 1115 3616 optimorum
1125 3565 1186 3615 quo·

108 3629 165 3679 dia.
179 3624 259 3678 Aliud
273 3624 522 3696 interpretamentum
531 3661 538 3687 ,
547 3622 624 3696 paulo
673 3641 779 3692 turrique
789 3620 905 3674 codicum
916 3641 1061 3674 consensus.
1069 3621 1151 3676 Sciam.

108 3705 187 3758 etiarn
195 3702 354 3756 commodius
364 3739 372 3766 ,
381 3701 484 3754 Senecte
492 3700 576 3753 verbis
586 3700 625 3752 iu·
708 3718 730 3767 7.
747 3699 895 3769 ltaque......
904 3702 985 3770 ique.
999 3700 1087 3768 Quum
1101 3699 1185 3775 piures

108 3781 220 3834 iniciunt
244 3780 289 3832 alii
317 3779 368 3832 duo
391 3779 491 3832 codices
513 3779 626 3851 ejusdem
675 3775 752 3828 libros
768 3775 853 3847 legere
869 3776 932 3829 velis
950 3797 1027 3847 quatu
1039 3779 1184 3852 possideas,

109 3860 228 3924 Gruteri‚
249 3859 286 3912 sie
306 3858 427 3911 habentes
444 3862 471 3910 in
483 3878 534 3928 quo
548 3861 627 3914 medi·
676 3853 708 3907 ais
717 3874 805 3926 queso
818 3868 949 3906 contentus
957 3855 989 3916 iis
1000 3875 1064 3925 quos
1074 3856 1174 3909 habeas.

108 3947 233 3990 aarum
245 3937 348 3988 diversa
360 3941 500 3987 tentantur.
509 3933 590 3986 Scine.
709 3933 732 3984 8.
751 3932 823 3985 Satis
830 3941 876 3984 est.
882 3933 977 4003 Scripsi
985 3932 1011 3984 b.
1024 3934 1040 3984 i.
1051 3953 1110 3986 rum
1119 3939 1187 4005 Arg.

144 4017 168 4065 5.
190 4013 229 4066 tlt
244 4016 273 4064 in
292 4009 411 4064 tro'nsitu'
426 4014 518 4079 prosit.
541 4010 627 4084 Vulgo
677 4030 703 4063 a.
715 4011 740 4062 b.
751 4029 771 4062 c.
783 4023 808 4061 et
819 4009 859 4061 ed.
870 4011 905 4061 A.
915 4029 995 4080 quum
1004 4010 1083 4082 vulgo
1095 4023 1140 4063 sat
1148 4024 1189 4065 est

111 4095 184 4164 quod
201 4097 230 4145 in
250 4095 364 4145 transitu
384 4111 426 4159 pr.
448 4092 553 4144 Secutus
572 4109 629 4144 enm
678 4088 812 4161 legeretur.
831 4087 869 4139 Ex
884 4086 942 4140 aliis
961 4086 1035 4140 codd.
1053 4087 1119 4141 nihii
1133 4109 1188 4142 uo-

112 4169 288 4224 auctoritatem
299 4168 393 4222 codicis
403 4169 482 4222 nostri
490 4189 517 4220 a.
527 4169 567 4221 rui
578 4171 629 4220 sui·
679 4179 767 4219 tatum.
779 4165 861 4218 θεὸν.

113 4249 249 4320 fragantur
260 4247 353 4317 Ampi.
364 4259 389 4299 et
402 4260 451 4300 tres
462 4246 560 4300 codices
573 4246 629 4318 Op-
645 4289 649 4299 .
712 4244 1187 4318 9.1oquis.Perperaminquamms.b.

285 4337 347 4404 1n.
1044 4335 1067 4432 4
1094 4357 1106 4378 -
