2975 4992
382 459 390 472 ’
474 457 773 530 ruarmo,
1139 481 1185 553 ²9

107 591 540 682 rejeotaetEtpreclarissime
551 601 694 678 omnino,
705 600 738 662 in
750 600 846 664 altera
856 595 1184 686 pmsenim'editioue,

107 729 178 770 curn
192 709 232 770 de
245 708 360 772 ueteris
365 705 488 772 senece
496 709 615 792 scriptis
623 717 707 781 ,tum
715 712 753 772 de
761 707 1003 794 Epistolisbujus
1009 707 1188 797 Pbilosopbi

106 813 223 875 meruit
243 815 403 885 Erasmus5
419 814 629 878 incredibilem
651 815 813 902 numerum
828 836 989 901 errorum,
1006 812 1114 896 quibus
1128 814 1189 875 soe-

108 921 185 981 dane
198 933 286 982 erant
296 921 469 1006 superiores
479 920 644 996 editiones,
656 922 905 1007 prodigiumque
918 921 1116 986 librariomm
1123 920 1191 985 lsal·

108 1025 323 1104 lucinationes,
340 1047 411 1090 cum
428 1047 464 1088 ex
477 1026 688 1109 probatiorum
702 1028 842 1092 codicum
858 1028 1053 1105 auctoritate,
1073 1039 1138 1089 tum
1152 1047 1190 1090 ex

109 1151 166 1194 suo
175 1145 227 1194 aut
237 1131 368 1194 aliorum
378 1135 535 1196 doctorum
547 1133 682 1196 virorum
692 1133 831 1220 ingenio,
842 1133 1014 1220 felicissime
1025 1131 1190 1218 corrigens.

109 1236 173 1300 Sed
185 1237 265 1300 idem
279 1239 413 1323 plurima
426 1241 519 1303 etiarn
533 1240 654 1320 ulcera,
673 1242 782 1325 quibus
798 1245 911 1307 oedem
925 1241 1107 1305 laborabant
1120 1241 1191 1304 edi-

110 1344 227 1424 tioues,
241 1345 351 1410 intacta
361 1347 499 1430 reliquit;
511 1348 571 1412 alia
583 1369 673 1430 vero,
686 1371 780 1432 quum
795 1369 902 1414 sanare
916 1362 1089 1427 conaretur,
1099 1349 1190 1412 tacite

111 1453 304 1527 incrustatur,
320 1453 381 1517 hoo
401 1453 486 1538 ipso,
501 1457 583 1543 quod
595 1456 645 1518 vix
659 1456 791 1541 amplius
810 1459 1008 1540 adparesent,
1024 1475 1191 1540 propemo-

111 1561 187 1620 dum
200 1558 381 1622 insanabilia
392 1561 537 1634 reddidit;
555 1561 684 1644 denique
704 1561 780 1626 locis
794 1564 887 1626 etiam
900 1562 980 1626 bene
991 1563 1110 1642 multis,
1126 1585 1194 1646 qne

112 1665 162 1727 rel
184 1664 269 1727 nulla
288 1665 463 1750 indigebant
484 1666 653 1748 medicina,
678 1670 727 1732 vel
751 1691 817 1752 que
839 1670 900 1732 alia
922 1671 1038 1734 ratione
1058 1673 1191 1734 curanda

112 1786 218 1850 eraut,
230 1774 372 1836 vitiosam
386 1773 567 1852 lectionem,
585 1789 637 1838 aut
650 1790 731 1840 certe
749 1776 851 1840 minus
863 1776 1057 1861 probabilem
1078 1778 1191 1860 (quam

37 1863 41 1870 ⁴
112 1877 265 1944 offerebat
284 1879 407 1960 quidem
429 1893 515 1943 vetus
535 1882 644 1964 aliquis
666 1883 777 1962 codex,
795 1885 848 1945 sed
863 1883 889 1946 is
904 1903 1012 1967 parum
1033 1885 1193 1945 emendate

111 1986 261 2069 scriptus,
272 1998 303 2048 et
313 1999 418 2048 nostro
428 1987 591 2070 persimilis
598 1989 807 2052 recentissimo
816 1988 1103 2076 Argentorateusi),
1114 2010 1192 2074 pro-

112 2091 197 2153 batae
205 2091 336 2174 praetulit
346 2092 515 2177 scripturas,
527 2113 594 2174 quae
604 2095 653 2158 vel
663 2095 743 2158 edita
754 2109 823 2159 ante
836 2097 937 2181 ipsum
947 2109 1029 2173 erat,
1040 2095 1090 2160 vel
1099 2115 1192 2178 qnam

115 2197 169 2260 alii
183 2198 304 2261 codices
319 2211 404 2261 erant
415 2197 577 2262 oblaturi¹.

155 2301 234 2366 daur
255 2325 349 2386 qutun
365 2302 405 2368 ab
424 2305 494 2366 Ant.
509 2305 638 2381 Manto,
651 2303 798 2389 elegantis
816 2306 956 2388 acrisque
978 2305 1090 2391 ingenii
1106 2306 1191 2379 viro,

114 2410 212 2473 multa
219 2410 342 2492 quidem
354 2431 371 2472 e
382 2411 592 2498 manuscriptis
603 2412 773 2491 codicibus,
786 2433 879 2494 quum
891 2412 959 2475 aliis
967 2413 1105 2492 ,tumbis
1117 2434 1194 2498 pra-r

115 2516 224 2580 sertim
237 2537 368 2600 quorum
382 2513 525 2582 lectiones
536 2509 696 2582 Pincianus
708 2517 739 2580 iu
753 2517 909 2602 publicum
920 2517 1077 2596 emiserat,
1094 2517 1126 2580 in
1139 2516 1194 2580 Se·

115 2645 201 2688 uccse
223 2621 371 2709 Epistolis
394 2627 555 2688 emendata
574 2645 657 2701 esse,
678 2624 811 2710 plurima
835 2643 910 2687 sero
931 2624 1024 2687 etiam
1042 2645 1079 2686 ex
1099 2623 1194 2707 ipsius

115 2732 259 2816 ingenio,
274 2745 326 2794 aut
341 2753 377 2794 er
393 2729 516 2793 Erasmi
531 2729 580 2794 rel
592 2727 729 2794 Pinciani
743 2731 944 2814 conjecturis,
967 2731 1057 2794 tacite
1078 2743 1193 2793 mutata

116 2851 149 2902 et
164 2840 197 2901 in
211 2852 384 2903 contextum
397 2851 518 2922 recepta
534 2837 747 2901 intellexissem
755 2833 777 2917 ³,
793 2857 923 2920 quorum
937 2835 1045 2900 deinde
1055 2835 1115 2898 alia
1124 2836 1195 2918 qui-

156 3049 165 3080 ¹
176 3045 284 3116 Quoties
294 3047 322 3100 in
331 3046 399 3100 uotis
408 3045 498 3100 criticis
511 3044 580 3100 nude
589 3048 628 3102 ed
640 3045 751 3100 Eratm·
762 3043 910 3100 ooniuatm
919 3079 928 3109 ,
937 3040 1011 3096 toties
1019 3039 1197 3114 olterapotis-

121 3133 217 3186 simum
225 3134 337 3187 Erusms'
344 3134 423 3186 editio
433 3130 506 3186 smrit
515 3129 688 3203 intelligenda.
697 3127 786 3184 Sicubi
797 3147 859 3182 vero
868 3127 1032 3182 commodum
1041 3125 1116 3178 nobis
1125 3125 1197 3178 ride·

124 3216 197 3269 bitur
204 3215 236 3268 de
248 3217 363 3270 dissensu
375 3215 505 3286 utriusque
517 3213 637 3268 editionis
647 3231 753 3268 monere
762 3213 880 3268 lectorem
888 3249 897 3281 ,
904 3209 941 3264 ibi
948 3229 990 3266 aaa
998 3209 1068 3265 lsisea
1076 3209 1196 3265 indiculis

123 3299 326 3372 distinguemus,
338 3297 447 3352 Erasm.
459 3300 499 3352 ed.
512 3318 537 3362 s,
552 3309 578 3350 et
587 3297 697 3350 Erasm.
707 3299 748 3350 ed.
761 3313 788 3349 a.

160 3386 174 3417 ²
184 3383 301 3438 Fortasse
313 3402 342 3434 ex
353 3394 437 3436 vetere
446 3381 557 3434 editione
568 3382 604 3434 A.
615 3382 691 3451 (que
702 3380 790 3453 etipsa
801 3391 915 3433 nostrum
926 3390 1020 3432 rustum
1028 3397 1050 3432 e.
1058 3376 1199 3450 propinqua

125 3467 284 3542 cognatione
298 3467 413 3540 attingit)
432 3465 552 3520 lectiones
569 3465 622 3538 ejus
640 3465 756 3538 generis,
773 3481 836 3536 quas
849 3464 922 3529 dieo,
942 3463 1058 3517 hauserat
1070 3463 1200 3524 Eemmos.

128 3556 197 3608 Silet
208 3566 292 3608 tamen
303 3551 334 3605 de
347 3568 376 3604 ea
388 3550 500 3606 editione
511 3549 538 3602 in
549 3549 715 3616 rannone,
727 3567 807 3621 quum
812 3547 917 3606 iuterim
926 3545 1059 3621 predio-rs
1070 3565 1124 3600 uon
1135 3565 1200 3620 pras-

127 3635 279 3698 ternsiserit,
290 3632 430 3687 Tarsisiose
442 3631 561 3686 editionis
570 3651 645 3686 usum
655 3631 705 3685 sibi
717 3631 795 3687 luisse
804 3649 959 3686 euocatum.
973 3628 1110 3694 Ceterum,
1121 3647 1202 3700 quan·

128 3740 210 3792 quam
225 3719 431 3772 emendationum
450 3717 630 3772 nonnullarum
647 3716 776 3770 contemni
785 3737 801 3770 a
812 3736 865 3769 sese
876 3715 1019 3770 adlatarum
1036 3714 1159 3768 rationem
1172 3711 1201 3764 iu

129 3803 252 3876 subjectis
262 3801 335 3854 Notis
348 3800 501 3865 reddiderit,
513 3800 590 3872 longe
603 3798 736 3874 plurimam
749 3812 835 3853 tamen
849 3799 950 3852 illarum
962 3809 1058 3871 partem
1067 3795 1095 3850 in
1107 3794 1202 3847 eisdem

130 3889 209 3942 Notis
224 3885 324 3940 silentio
340 3886 475 3961 praeteriit3
491 3883 600 3957 quolit,
614 3897 643 3938 ut
657 3884 763 3956 quidex
772 3897 885 3938 veterum
901 3881 1026 3936 librorum
1041 3881 1202 3946 auctoritate,

131 3971 197 4044 quid
210 3991 239 4024 ss
249 3970 356 4044 ingenio
367 3983 391 4022 et
400 3970 544 4043 conjectura
554 3969 585 4022 ab
596 3988 627 4024 eo
640 3981 780 4027 correctum
791 3968 837 4036 sit,
848 3977 904 4022 sion
915 3966 966 4022 nisi
977 3984 1043 4039 egre
1054 3965 1187 4020 discemu.

166 4060 178 4094 ³
190 4059 304 4112 Grarem
316 4077 448 4114 censuram
459 4076 491 4111 en
504 4055 609 4110 nomine
618 4055 645 4110 in
657 4058 795 4112 moretm
804 4067 929 4129 peractam
944 4052 1030 4106 rideas
1040 4072 1056 4105 a
1068 4051 1162 4120 Lipsio
1174 4050 1204 4104 iu

133 4145 235 4199 l’roelat.
245 4143 277 4196 ad
287 4163 359 4198 suam
371 4144 475 4198 Senecae
488 4142 640 4206 sditionem
652 4140 698 4194 sed
707 4138 851 4214 gravisum
865 4135 940 4194 etiam
947 4173 956 4198 ,
971 4149 1029 4190 ante
1046 4134 1159 4207 lipsium
1168 4153 1204 4199 ,a

134 4231 249 4285 Gruteru
260 4231 286 4284 in
295 4228 575 4284 Arrtmsdeerstoutbus
586 4231 615 4282 irs
623 4225 722 4282 Seneca
733 4245 828 4296 opero,
838 4243 897 4278 enm
904 4222 992 4276 multis
998 4221 1056 4275 aliis
1064 4220 1139 4288 locis,
1148 4232 1203 4273 tunt

134 4333 159 4386 p.
173 4312 239 4388 694,
257 4314 317 4384 ubi,
336 4313 442 4384 Nuper,
460 4310 559 4382 inquit,
576 4312 669 4369 extitit
682 4309 804 4366 Murena
814 4345 824 4377 ,
834 4310 883 4380 pot
893 4305 1032 4378 nullusne
1041 4306 1151 4372 adiutus
1160 4321 1205 4356 en·
