2975 4992
373 389 645 459 nrssrons
668 391 871 459 nrx111.
1089 397 1151 490 tu
1246 380 1248 395 '

60 513 65 536 ⁰
101 529 154 581 stat,
163 514 219 567 inde
227 513 259 565 ab
271 515 426 587 Anaxagora
436 514 559 585 usquead
570 514 706 569 Fichtium.
729 516 779 581 (ln
795 514 881 569 Gallia
892 517 1047 589 presertim,
1060 531 1115 571 tum
1131 520 1157 575 in

101 598 197 672 proxime
209 595 305 669 elapsa,
320 608 375 648 turn
394 595 421 646 in
439 595 655 667 praemiseram,
676 596 755 649 multa
767 612 902 651 occurrunt
915 600 1027 673 exempla
1042 620 1098 668 quae
1113 606 1158 656 al'-

101 682 153 732 ierre
162 678 231 730 facile
242 690 324 745 esset,
335 678 386 730 nisi
400 676 517 730 omnibus
527 676 666 730 litterarum
678 676 797 731 studiosis
809 678 867 731 satis
877 692 937 733 nota
952 682 1059 747 ruent.)

126 765 159 817 Er
167 763 213 815 bac
221 776 307 815 autem
314 763 421 836 epistola
429 782 549 835 magnam
558 783 643 817 rorum
654 763 819 817 mutationem
828 766 917 821 Romu
927 766 1021 821 abhinc
1031 768 1158 839 quinqua·

99 850 157 922 ginta
166 851 241 901 ierme
251 848 327 901 aunis
338 849 430 900 laetam
444 847 569 901 videmus.
578 848 646 899 Nam
657 868 736 919 quum
749 851 874 923 Augustus
886 862 908 903 et
917 850 1055 905 litterarum
1066 852 1156 905 studiis

99 932 181 983 animos
190 951 204 982 a
214 930 344 1003 republica
361 930 508 1004 capessenda
523 950 651 983 removere
663 932 788 997 studeret,
805 930 912 1003 ideoque
925 933 956 985 iis
967 934 1101 987 tractandis
1113 936 1156 987 l'a-

99 1026 170 1076 met3
178 1012 289 1064 Neronis
300 1024 390 1064 contre
401 1024 513 1085 tempore
523 1010 596 1064 istam
604 1013 787 1065 malevolorum
800 1024 823 1065 et
832 1013 1003 1086 imperitorum
1017 1016 1156 1085 erprobra-

98 1098 182 1149 bouem
194 1096 221 1149 in
232 1097 399 1171 philosophos
409 1096 559 1151 concitatam
571 1097 752 1171 intelligimur,
765 1118 842 1171 quarn
856 1099 954 1153 Seneca
964 1100 1070 1173 dignam
1081 1100 1155 1173 judi-

99 1198 168 1251 earet,
181 1196 207 1235 ut
221 1182 356 1236 refelleret
372 1182 510 1234 Enimvero
528 1203 586 1235 mor
603 1194 731 1255 tantopere
749 1185 877 1237 recruduit
896 1184 942 1237 ista
964 1184 1106 1252 calumnia,
1127 1201 1154 1239 ut

98 1267 149 1318 adeo
154 1265 334 1339 Vespasianus,
343 1266 411 1337 quod
422 1265 512 1319 merito
520 1266 619 1319 mireris
628 1307 635 1333 ‚
644 1266 806 1341 philosophos
815 1282 903 1341 prater
913 1288 993 1322 unum
1003 1269 1152 1322 Musonium

97 1349 171 1401 omnes
182 1349 264 1401 Roma
275 1348 420 1423 expalleret.
438 1348 480 1402 cf.
501 1349 631 1423 egregiam
649 1350 746 1421 lleynii
759 1352 954 1427 disputationem
966 1392 974 1419 ,
994 1351 1154 1405 Litterarum

96 1435 209 1487 brumum
219 1436 310 1487 studia
318 1454 456 1503 perpetum
465 1438 628 1503 proscripta,
642 1436 734 1505 Opust.
749 1441 819 1489 acad.
833 1437 892 1491 Vol.
906 1438 952 1503 lv,
969 1460 993 1511 p.
1006 1438 1055 1505 416
1066 1457 1121 1509 sqq.

279 1622 283 1629 ’
359 1620 472 1656 mim
489 1618 614 1658 ructato
632 1620 689 1657 100
707 1620 856 1658 ubuum

133 1740 251 1804 Eamus
271 1738 358 1805 mihi
373 1749 380 1782 ¹
398 1736 579 1819 videntur,
601 1740 661 1829 qni
681 1714 893 1818 eristimant,
918 1737 1148 1831 Philosophiae

97 1852 226 1920 fideliter
240 1851 375 1921 deditos
388 1870 602 1921 contumaces
621 1876 693 1920 esse
711 1876 752 1920 ac
767 1852 1000 1936 refractarios,
1020 1870 1054 1922 et
1070 1878 1150 1923 con-

98 1984 264 2061 temptores
284 1970 543 2061 magistratuum
567 1980 606 2037 ac
627 1994 766 2061 regum,
789 1993 970 2050 eorumve,
989 1994 1052 2061 per
1066 1994 1151 2061 quos

96 2084 213 2175 publiea
225 2084 520 2153 administrantur.
537 2088 566 2153 E
578 2088 748 2153 contrario
762 2088 851 2153 enim
864 2136 874 2169 ‚
890 2086 975 2154 nulli
987 2084 1149 2153 adversus

98 2200 159 2267 illos
172 2203 338 2293 gratiores
351 2218 447 2287 sunt,
464 2225 528 2268 nec
542 2202 708 2269 immerito
728 2229 735 2266 ε
753 2202 856 2269 nullia
870 2205 959 2271 enim
975 2202 1051 2295 plns
1063 2227 1149 2294 prae-

97 2331 169 2383 stant
176 2367 185 2401 ‚
199 2342 302 2409 quam
323 2317 449 2409 quibua
466 2316 533 2385 frui
553 2316 737 2418 tranquillo
752 2318 820 2383 otio
841 2318 933 2385 licet.
956 2318 1075 2410 Itaque
1090 2317 1145 2401 hi,

96 2433 204 2523 quibus
212 2434 319 2502 altum
331 2438 344 2468 ²
358 2432 402 2500 ad
416 2419 624 2527 propositum
643 2432 731 2499 bene
745 2431 882 2500 vivendi
902 2431 1034 2501 confert
1049 2458 1147 2501 aecn-

99 2548 164 2615 ritas
175 2549 331 2641 publica,
347 2573 484 2618 necesse
500 2564 550 2616 est
562 2555 732 2616 auctorem
750 2548 852 2640 hujus
865 2548 945 2615 boni
964 2565 1003 2616 ut
1020 2572 1148 2642 paren-

98 2677 152 2729 tem
166 2665 297 2750 colantq
315 2664 418 2731 multo
429 2664 567 2755 quidem
583 2665 709 2756 magis,
726 2687 829 2753 quam
842 2663 891 2730 illi
905 2665 1048 2754 inquieti
1063 2679 1097 2730 et
1112 2665 1146 2731 in

124 2906 141 2938 ι.
151 2886 247 2940 Errare
258 2887 586 2940 mitt...admintssranrur.
670 2907 693 2937 s.
708 2886 812 2957 Quibus
831 2890 917 2939 ultum
933 2890 973 2939 ud
983 2890 1146 2957 pruposr'tum

80 3025 82 3028 ¹
97 2964 154 3035 Seps
164 2965 215 3019 brec
230 2964 377 3019 criminatio
395 2963 492 3038 prolata
503 2978 539 3017 est
557 2965 586 3015 in
634 2966 696 3017 bene
702 2967 806 3017 uiuendi
814 2964 957 3035 cory'ertetc.
965 2964 1007 3018 Sic
1018 2976 1147 3017 roctemss.

97 3040 256 3115 pbilosopbos,
274 3042 385 3113 indeque
402 3042 510 3095 maxima
523 3061 586 3115 per-
635 3046 697 3115 Arg.
707 3043 732 3097 b.
745 3042 794 3097 Par
805 3043 830 3095 b.
841 3044 866 3095 d.
879 3056 903 3098 et
913 3040 966 3096 Pal.
981 3061 990 3093 r
1003 3081 1010 3109 ‚
1021 3044 1069 3109 et4
1081 3047 1145 3110 (nec

96 3122 231 3175 sectationum
238 3142 297 3196 pars
303 3136 356 3175 orta
364 3135 414 3184 est,
425 3123 516 3191 quibus
523 3122 586 3196 pbi-
635 3122 744 3176 multum
752 3122 844 3177 abeunt
852 3122 906 3174 Pal.
917 3142 945 3185 a,
958 3135 981 3173 et
989 3120 1025 3189 3.)
1033 3120 1076 3175 Sic
1086 3121 1145 3174 item

96 3196 190 3271 losopbia
201 3213 226 3253 et
242 3200 388 3274 philosophi
401 3200 585 3271 premebantur.
636 3200 692 3253 cod.
703 3200 757 3252 Ert.
774 3200 840 3273 apul
862 3198 945 3273 Gron3
961 3199 1010 3251 nisi
1028 3198 1099 3269 quod
1112 3199 1145 3251 ad

95 3272 130 3327 sic
141 3276 263 3332 Socratem
275 3298 306 3330 eo
319 3279 424 3331 nomine
437 3278 587 3331 accusabant
636 3281 721 3329 ultum
730 3276 805 3329 etiam
816 3276 903 3329 vocab.
911 3280 994 3329 otium
1002 3276 1094 3349 adjicit
1105 3277 1145 3331 Ab

96 3355 207 3410 concitasse
214 3359 321 3430 juvenes
331 3356 363 3408 ad
374 3353 586 3408 contemnendam
636 3354 683 3408 ista
694 3356 814 3427 scriptura
824 3354 890 3407 varie
901 3352 992 3407 deinde
1004 3355 1145 3411 aberratum

96 3434 264 3505 rempublicam,
274 3432 394 3506 Xenopb.
403 3434 512 3485 Memor.
521 3432 547 3493 l,
559 3449 584 3493 a,
636 3440 680 3484 est.
686 3429 790 3502 Quibus
797 3434 882 3485 ultum
889 3435 971 3501 adpr.
976 3433 999 3484 b.
1008 3454 1033 3485 ν.
1041 3436 1144 3487 adrium

96 3510 238 3577 qStoirosin
245 3512 360 3565 eamdem
365 3508 585 3585 reprehensionem
633 3508 807 3581 confirtedll.
820 3506 921 3579 Quibus
932 3511 1044 3577 udpnb.
1053 3532 1077 3562 v.
1086 3514 1145 3563 adi·

97 3584 208 3643 incurrisse
217 3590 335 3643 videmus
346 3602 398 3642 tum
409 3610 438 3641 ex
449 3588 500 3641 boc
511 3587 581 3650 loco,
635 3598 691 3639 tum
703 3587 798 3658 consen
811 3586 850 3639 ed.
862 3588 903 3639 Er.
916 3600 940 3641 et
950 3607 1018 3659 seqq.
1032 3609 1090 3641 cum
1104 3588 1143 3641 ed.

97 3674 139 3715 tum
147 3688 159 3718 e
167 3668 189 3719 ll
197 3668 228 3721 de
239 3668 321 3720 Clem.
332 3671 364 3734 5,
376 3688 399 3720 n.
409 3666 460 3719 Ubi
469 3667 520 3721 vid.
529 3680 583 3718 not.
633 3666 667 3719 Ii.
679 3680 703 3718 et
715 3686 762 3717 ms.
777 3669 838 3739 Arg.
854 3687 874 3719 c.
892 3680 913 3717 et
927 3667 983 3720 Par.
995 3688 1021 3719 u.
1039 3668 1142 3737 Quibus

97 3740 153 3794 Idem
167 3747 257 3800 refellit
273 3746 400 3819 Epictetus
411 3747 524 3816 ,(quesu
534 3744 581 3797 sub
630 3754 722 3808 aptum
737 3744 777 3793 ad
788 3763 829 3811 pr.
841 3742 865 3795 b.
886 3763 911 3795 υ.
926 3744 1029 3795 uds'tum
1047 3744 1144 3814 σοφή

97 3818 223 3877 Domitiano
239 3844 299 3879 cum
316 3825 410 3879 eauris
425 3822 582 3896 pbilosophis
631 3819 670 3871 ed·
681 3818 765 3874 naht.
779 3840 836 3872 cunr
848 3840 892 3873 ms.
904 3820 961 3873 Col.
974 3818 1139 3874 S.-Scbw.

96 3898 162 3953 lloma
174 3903 301 3976 expulsum
314 3922 367 3957 esse
380 3907 487 3967 constat)
495 3938 503 3965 ,
512 3898 579 3953 Diss.
629 3912 683 3973 post
693 3904 780 3952 ultum
796 3899 892 3973 supplet
902 3900 980 3952 otium
990 3896 999 3967 ,”
1009 3899 1078 3968 quod
1087 3900 1141 3951 mi-

96 3974 116 4035 l·
124 3997 160 4050 sq,
170 3999 192 4052 q
201 3981 255 4032 Vos
263 4000 325 4051 ergo
333 3977 476 4053 pbilosopbi
488 3977 580 4033 docetis
630 3977 699 4031 nime
718 3996 818 4029 necesse
836 3991 889 4044 est,
909 3976 930 4029 si
943 3979 1032 4031 referas
1050 3997 1139 4030 vocem

96 4066 233 4111 wttsmusre
245 4056 337 4129 reges?
347 4058 404 4111 add.
415 4058 538 4126 Disslv,
549 4078 579 4122 7,
628 4060 714 4109 altram
734 4054 766 4106 ad
788 4060 949 4124 propositum
961 4093 968 4121 ,
987 4054 1057 4127 quasi
1076 4068 1139 4109 esset

97 4128 127 4184 il.
136 4132 215 4189 liubit.
630 4136 669 4186 ad
682 4134 767 4185 nubile
777 4135 953 4201 prepositum,
967 4145 1014 4186 etc.
