2975 4992
382 446 664 515 eelsroee
687 445 833 515 LXVI.
1073 446 1139 535 403

90 604 156 666 ms;
180 604 269 662 nou,
296 595 399 671 puto,
422 590 594 671 exspectas
620 589 659 643 ut
685 574 842 667 adjiciam
859 579 884 657 ¹,
916 596 1054 664 senem3
1083 568 1143 647 sed

90 695 283 765 mehercules
301 692 446 764 viridem
464 693 577 761 auimo
599 712 638 759 ee
659 693 831 785 vigentem
847 719 857 776 3
877 706 912 759 et
933 717 1008 761 cum
1026 719 1145 789 corpu·

90 814 169 883 seule
193 836 254 881 suo
274 810 524 881 colluctantem.
554 808 677 898 inique
700 808 790 874 euim
809 830 846 874 se
864 823 985 876 nutura
1014 812 1143 903 gessit,

90 949 115 1001 et
127 931 225 999 talem
235 930 386 997 animum
401 926 487 995 mele
499 924 697 993 eelloeuvit¹
716 950 724 991 ι
740 938 799 991 aut
812 922 952 993 fortusse
962 928 1071 995 voluit
1082 929 1148 997 hoe

92 1052 189 1143 ipsum
211 1045 313 1115 uobis
334 1042 533 1125 ostendere,
558 1064 655 1135 posse
679 1042 856 1135 ingenium
873 1021 1090 1111 fortissimum
1108 1071 1149 1114 ac

91 1166 307 1235 bestissimum
323 1162 387 1231 sub
401 1162 554 1255 quelibet
570 1175 647 1229 cute
658 1161 778 1229 latere.
797 1160 889 1228 Vicit
906 1176 1018 1229 umen
1038 1166 1150 1231 omnia

92 1280 343 1373 impedimeute3
360 1278 449 1346 etad
463 1292 584 1346 (stetere
597 1272 845 1343 contemnende
858 1298 878 1341 e
891 1290 1086 1371 contemptu
1098 1280 1150 1347 eui

93 1389 257 1488 eorporie³
271 1395 377 1463 veuit.
394 1398 517 1461 Ermre
531 1389 615 1461 mihi
630 1392 721 1459 visus
736 1404 788 1458 est
803 1390 862 1481 qui
878 1388 965 1458 dixit
982 1418 990 1457 :
1177 1412 1192 1450 s

247 1532 351 1586 Gntior
362 1544 398 1585 est
409 1530 516 1605 pulchro
526 1529 631 1582 veniens
644 1546 658 1579 e
669 1548 774 1601 corpore
785 1528 865 1581 virtus
872 1531 892 1580 ὅ.

94 1659 154 1725 Nee
165 1657 256 1725 euim
270 1656 340 1723 ullo
353 1654 609 1723 honestamento
622 1665 718 1743 egen
733 1652 806 1744 ipea
819 1674 979 1745 maguum
989 1656 1042 1722 eui
1051 1652 1155 1723 decus

94 1790 153 1854 est,
168 1789 202 1842 et
216 1796 339 1866 eorpus
352 1795 448 1839 suum
463 1783 637 1838 consecret
647 1760 673 1835 ⁵.
691 1768 792 1836 Certe
806 1766 987 1836 Claranum
1001 1787 1156 1838 nostrum

95 1890 172 1981 eoepi
202 1887 331 1955 intueri
358 1886 553 1953 :formosus
580 1883 663 1949 mihi
687 1878 848 1965 videtur,
882 1899 917 1952 et
946 1900 1013 1953 tum
1042 1902 1157 1953 rectus

97 2028 252 2098 corpore,
275 2024 376 2095 quam
403 2015 453 2069 est
475 2000 601 2067 auimo.
626 1994 743 2069 Potest
771 2022 813 2067 ex
839 2024 915 2067 caea
939 2001 993 2068 vir
1015 2024 1160 2095 magnus

96 2124 200 2202 esire3
228 2133 342 2214 potest
366 2132 458 2185 etex
483 2114 625 2184 deformi
652 2114 842 2208 humilique
864 2118 1065 2210 corpusculo
1083 2118 1160 2185 ior·

95 2257 199 2303 mosus
225 2232 416 2302 enimuero
436 2250 589 2324 magnus.
610 2227 785 2321 Quosdam
812 2229 928 2321 itaque
951 2231 1037 2299 mihi
1062 2230 1161 2301 ride-
1185 2248 1201 2303 3

97 2368 147 2419 tur
162 2352 198 2419 iu
218 2350 284 2417 hoe
302 2348 386 2417 tales
401 2362 522 2415 natura
542 2366 733 2439 generare,
755 2360 792 2413 ut
809 2347 975 2439 approbet
999 2348 1160 2417 virtutem

96 2470 180 2537 omui
197 2458 294 2535 loeo⁶
314 2465 421 2533 narei.
443 2464 478 2533 Si
496 2477 609 2555 posset
623 2484 685 2555 per
702 2486 737 2531 ee
758 2460 867 2531 nudos
885 2461 988 2531 edere
1007 2466 1137 2533 enimes
1147 2507 1159 2548 ς

131 2728 219 2791 dtas,
225 2726 604 2799 puto,e:rspect.,utad1'iciam.
654 2708 688 2789 V,
701 2722 762 2787 344,
776 2722 821 2774 mlsi
832 2734 918 2777 temen
927 2734 1016 2802 retem
1025 2728 1109 2779 virtus
1120 2726 1164 2779 dia

98 2804 360 2879 Nemeendiseipulru
372 2804 453 2856 fueret
464 2802 541 2877 ipsius
556 2802 605 2855 Se·
655 2820 727 2855 verso
737 2802 769 2855 els
780 2822 893 2874 euquem
903 2806 994 2857 Noster
1007 2806 1080 2880 pouit
1088 2826 1165 2861 sensu

97 2904 178 2951 seen,
188 2886 292 2956 quijeru
305 2882 408 2954 grandis
418 2892 478 2934 netu
490 2892 549 2935 eret.
654 2881 733 2955 recipi
742 2880 845 2943 debere.
856 2880 930 2936 ieeile
937 2880 1016 2955 metet.
1025 2885 1106 2937 Stoici
1116 2884 1165 2937 vir·

131 2986 153 3017 a.
163 2966 198 3019 Et
208 2968 290 3017 talem
301 2966 423 3015 animum
436 2962 507 3013 male
524 2962 606 3013 culle-
654 2972 694 3012 tus
702 2978 756 3011 uon
766 2973 821 3030 eget
828 2960 1037 3027 honestamento,
1050 2964 1095 3017 serl
1105 2963 1164 3027 illes

97 3039 356 3113 turitsserpuseuim
363 3044 465 3104 ἀγγεῖον,
477 3038 606 3092 vasculum
656 3038 687 3091 (le
707 3058 756 3109 qus
769 3038 915 3112 Virgilium
937 3038 1007 3111 cujus
1026 3054 1091 3096 uest.
1106 3042 1166 3096 edit.

98 3114 605 3191 auimieuteliquodreeeptsculum‚quin
656 3116 708 3169 vid.
726 3128 788 3169 tom.
801 3118 856 3182 lll,
871 3138 929 3191 pag.
940 3116 992 3183 383
1014 3119 1101 3191 ibique
1114 3132 1168 3173 not.

97 3200 236 3251 custodiam
254 3196 367 3266 antiquis
384 3194 435 3247 tliei
454 3206 543 3247 motum
563 3206 606 3247 est.
657 3208 682 3249 el
695 3216 748 3247 ver.
760 3195 817 3248 leet.

98 3278 142 3330 Gi.
152 3274 316 3331 Geteeleretl
332 3274 369 3326 M.
382 3272 505 3326 Antonin.
516 3274 567 3337 lll,
581 3272 605 3337 3,
689 3274 942 3344 &Euemeriam
951 3278 1169 3346 comtemt.Que‹l

97 3376 123 3425 p,
144 3374 183 3426 qr.
201 3354 293 3407 Simile
312 3352 375 3404 illud
389 3392 396 3413 ‚
409 3350 479 3403 addit
492 3350 606 3421 lipsius,
657 3362 694 3407 est
704 3354 775 3407 velut
787 3355 859 3427 parri
871 3353 925 3425 ejus
933 3356 984 3408 Dei
994 3357 1125 3428 templum.
1137 3358 1169 3411 L.

97 3434 238 3501 Ingenium
251 3432 347 3485 Galba
358 3434 429 3483 mule
438 3430 548 3481 habitat.
562 3428 597 3480 R.
658 3431 800 3485 SicNoster
810 3423 962 3505 Epmfin.
971 3435 1076 3504 «Quem
1085 3436 1114 3489 iu
1120 3436 1171 3491 lsoe

133 3512 159 3563 3.
171 3514 296 3581 Corporis.
307 3510 351 3562 stc
364 3509 420 3562 eod.
433 3502 490 3561 col.
500 3529 548 3561 uec
561 3508 608 3562 Pa·
658 3510 756 3563 mundo
774 3510 859 3562 locum
881 3510 952 3564 Deus
968 3510 1085 3579 obtinet,
1102 3515 1172 3569 hunc

98 3590 142 3641 lat.
161 3602 226 3658 quet.
244 3588 353 3641 multum
373 3586 504 3640 abludunt·
523 3586 609 3641 Editio
658 3589 685 3642 iu
709 3588 814 3641 homine
832 3588 932 3641 enimus
948 3608 956 3641 t
974 3591 1045 3661 quod
1063 3606 1099 3645 est
1118 3594 1172 3647 illie

98 3682 174 3721 vetus
184 3664 396 3721 consentiemus
407 3664 476 3717 deest
487 3666 540 3721 liaec
551 3685 608 3730 rer,
659 3666 774 3729 materie,
782 3665 809 3717 id
818 3666 893 3719 uubis
905 3687 994 3741 corpus
1006 3683 1072 3723 est.»
1083 3670 1172 3723 Conse·

98 3765 162 3818 qua
178 3758 261 3799 temen
280 3744 419 3797 necessarie
436 3762 488 3796 esse
502 3743 611 3797 videtur.
659 3756 729 3806 crat,
743 3745 818 3797 ‹lerus
829 3757 853 3797 et
863 3745 1020 3799 senetitatem
1030 3748 1173 3811 audiem-

99 3824 339 3879 Itum-siclt.
352 3824 387 3874 Α.
403 3842 423 3877 c.
436 3822 561 3886 etGrut.‚
579 3822 614 3874 eit
662 3842 734 3876 erum
753 3823 820 3876 ierit.
837 3823 881 3875 ste
892 3822 980 3877 Cicero
992 3826 1067 3878 Ture.
1087 3826 1123 3894 V,
1140 3829 1176 3894 μ

101 3902 535 3957 Sciret-Alalisiortasseerstsui
547 3900 615 3965 (slu-
665 3900 805 3955 «Socratis
828 3900 892 3953 ratio
918 3901 1031 3955 Platonis
1051 3904 1174 3956 memoris

97 4000 154 4050 que
173 3982 304 4049 eorporis)
321 3974 390 4051 quod
407 3998 464 4031 cum
480 3979 521 4031 ed.
533 3980 575 4032 Er.
592 3992 616 4031 et
665 3994 816 4035 consecrata.
828 4002 842 4027 υ
855 3980 945 4032 Ruth.

97 4078 161 4129 sqq.
181 4056 271 4111 hebent
284 4076 342 4110 ruse.
360 4059 384 4111 b.
401 4056 455 4109 Pal.
472 4076 520 4111 see.
537 4072 561 4112 et
577 4058 615 4125 (ui
697 4060 721 4113 ὃ.
740 4060 822 4114 Omni
829 4064 892 4114 Ιοω.
903 4060 988 4113 Rubi.
1001 4060 1130 4134 interpret.
1147 4061 1178 4113 im

96 4136 194 4198 fellus)
204 4136 275 4189 codd.
287 4136 367 4189 Paris.
378 4134 460 4190 Sele.
665 4138 737 4191 omni
752 4138 841 4192 ordine
855 4137 998 4194 homiuum.
1013 4142 1047 4193 At
1059 4161 1112 4193 nou
1129 4160 1178 4195 to-

136 4218 169 4282 4.
184 4216 279 4269 Vanus.
288 4217 382 4268 Versus
391 4214 496 4289 Virgilii
505 4226 541 4268 est
552 4216 615 4269 AEn.
665 4217 720 4269 lum
727 4217 921 4289 respicitNotter
928 4218 1042 4273 ordinem
1049 4220 1102 4273 sire
1110 4240 1179 4273 een-
