2975 4992
423 486 687 573 urrstonn
710 494 801 571 xx.
1091 501 1151 575 »ot

82 638 119 702 t'c
140 624 304 701 volubili'
335 631 504 701 detinent.
531 634 659 701 Facere
686 632 785 701 docet
805 632 1059 727 philosophin²,
1085 650 1192 704 noua

84 750 211 833 diuere3
231 764 267 816 et
278 748 346 816 hoc
368 750 495 841 exigit,
519 762 557 817 ut
573 744 617 817 ud
633 748 742 842 legem
764 770 858 815 suam
875 749 1021 841 quisque
1038 752 1152 833 vivut,

84 890 125 933 ne
139 865 286 933 omtioni
306 865 376 933 ritu
394 862 591 945 dissentiat,
613 880 652 932 ut
669 866 741 957 ipsa
758 865 849 933 inter
866 886 902 932 se
923 868 993 933 viss
1013 858 1154 950 ³nnius,

84 982 153 1049 sine
165 982 342 1049 actionum
363 980 594 1065 dissensione,
616 980 740 1050 coloris
753 982 809 1049 sit.
826 981 1008 1051 Maximum
1025 984 1090 1053 hoe
1107 977 1158 1054 est

85 1116 116 1165 et
133 1098 287 1167 officium
303 1098 500 1191 sapientius,
517 1110 551 1165 et
567 1094 751 1179 indicium,
768 1114 807 1166 ut
821 1098 937 1166 verbis
952 1122 1056 1192 opem
1073 1124 1158 1169 cou-

85 1210 246 1291 cordcnt,
275 1229 316 1280 ut
343 1205 439 1305 ipse⁴
463 1212 591 1303 ubique
609 1235 672 1305 por
690 1212 756 1280 sibi
781 1211 940 1305 idemque
964 1206 1043 1282 sit⁵.
1070 1214 1159 1308 Quis

85 1330 147 1399 hoc
168 1326 369 1424 praestubit?
391 1329 495 1398 Pauci
514 1353 522 1393 t
540 1328 646 1421 uliqui
670 1342 792 1395 tumens
818 1332 877 1395 Est
900 1327 1041 1399 difficile
1059 1332 1125 1401 hoc
1147 1360 1156 1399 ε

85 1468 146 1515 nec
163 1448 232 1514 hoc
245 1441 358 1529 dico⁶,
375 1446 560 1539 sapientem
578 1470 646 1512 uno
663 1469 797 1537 semper
811 1445 937 1513 iturum
954 1448 1083 1541 gradu,
1100 1450 1160 1519 sed

86 1585 151 1631 unu
163 1558 233 1629 via.
255 1562 412 1631 Obsecro
434 1558 571 1652 itaque,
592 1558 759 1653 numquid
778 1563 883 1631 vestis
898 1578 955 1631 tua
973 1564 1160 1658 domusque
1186 1589 1200 1630 s

85 1676 308 1761 dissentiunt,
323 1674 491 1769 numquid
505 1677 541 1742 in
554 1690 587 1743 te
600 1674 751 1745 liberalis
761 1678 829 1763 sis,
845 1680 881 1745 in
893 1695 967 1747 tuos
981 1679 1159 1766 sordidus3

86 1791 257 1886 numquid
288 1814 402 1861 coenes
428 1792 631 1885 frugaliter,
663 1792 811 1862 edifices
838 1791 1022 1867 luxuriose.
1052 1802 1163 1867 Unum

87 1909 207 1989 semel,
230 1906 278 1976 ud
301 1932 402 2001 quum
426 1908 547 1987 vivus,
576 1908 728 2001 regulum
755 1908 925 2001 prendel,
950 1911 985 1979 el
1007 1910 1052 1978 ud
1074 1912 1163 1982 houd

120 2184 142 2218 s.
164 2168 252 2220 Vanis
265 2185 298 2219 uc
307 2164 426 2219 uolubili.
437 2162 536 2217 Plecuit
546 2162 603 2228 ltus,
687 2160 711 2216 ³.
733 2162 1007 2233 vttpsstnmseotea
1014 2170 1106 2234 unitis,
1118 2162 1164 2222 ele.

87 2245 153 2314 quod
175 2244 252 2295 dedit
275 2262 323 2297 ms.
343 2260 365 2295 e.
382 2253 407 2295 et
421 2240 463 2294 ed.
475 2245 510 2295 A.
519 2240 605 2313 Vulgo
655 2240 786 2294 Sestertio
798 2242 857 2295 sstis
870 2244 1097 2315 perspicus,verlss
1110 2266 1164 2299 non

89 2326 162 2375 mnis
172 2326 224 2374 aue
235 2322 328 2373 volut.
340 2318 422 2372 Sedu.
654 2320 713 2373 setis
727 2320 847 2393 expedita.
862 2321 970 2373 Vsrisus
988 2321 1061 2390 lilsri,
1074 2324 1118 2377 sed
1131 2325 1164 2376 its‘

120 2424 141 2454 s.
158 2400 262 2454 Facere
274 2402 350 2452 dote!
362 2398 607 2468 philosophandum
655 2410 683 2450 ut
695 2396 763 2449 nihil
780 2396 841 2449 certi
861 2398 979 2451 estrissre
999 2400 1080 2453 liceat.
1100 2402 1163 2454 lton·

89 2480 145 2531 iude
155 2478 188 2531 sb
200 2498 233 2531 eu
247 2490 381 2549 tempore,
394 2496 473 2547 quum
495 2474 606 2549 philoso·
656 2494 718 2529 san:
738 2475 775 2529 Ut
789 2478 966 2543 immisisset
980 2480 1036 2533 es'sa
1047 2498 1102 2531 usse
1111 2484 1162 2543 sit,

90 2557 156 2631 plari
165 2558 313 2630 inciperent
324 2554 456 2618 homiues,
465 2552 540 2625 hujus
549 2574 606 2607 sen·
655 2556 734 2605 rsus'ns
745 2556 801 2604 sine
810 2555 940 2604 actionum
952 2555 1110 2608 discussione
1125 2578 1164 2609 tu·

90 2638 170 2690 sentia
202 2633 376 2707 punientium
402 2634 604 2687 intellexerunt:
656 2634 732 2694 lorls,·
745 2631 890 2694 sive,unus
900 2636 1016 2685 omnium
1032 2638 1163 2687 actionum

90 2715 158 2786 quud
168 2714 260 2767 sidere
268 2725 307 2767 est
317 2712 359 2765 rel
370 2732 399 2765 ex
408 2710 609 2787 septemsspien-
655 2712 730 2763 color.
740 2706 821 2763 Scissis

90 2806 141 2846 snm
159 2791 256 2855 dictis,
279 2812 309 2843 ex
326 2790 358 2841 iis
376 2808 433 2861 que
452 2788 483 2842 de
506 2790 608 2844 Socrate
688 2788 712 2855 4
733 2788 841 2857 Πιίριι.
860 2788 996 2863 Perpessus
1008 2790 1086 2863 vulgo
1099 2794 1164 2846 ulei

91 2871 205 2935 trudunt,
221 2881 271 2921 ets.
283 2866 450 2920 Rudk.·⁵-ln
460 2880 536 2920 totum
549 2888 604 2921 rem
656 2868 718 2933 ipse

92 2947 209 3020 preelm
221 2946 355 3017 Epictetus
367 2960 414 3011 111,
435 2944 540 2998 Dissett.
551 2964 605 3017 esp.
688 2942 711 2993 5.
726 2942 855 3013 Ideruqia
864 2946 907 2995 ss't.
919 2941 962 2997 Se.
975 2945 1096 3019 sepiens!

94 3048 130 3081 ss.
141 3051 154 3075 ι
164 3028 241 3080 Sicut
249 3022 463 3093 ii,iuquit,quis
475 3025 604 3078 stomacho
687 3019 711 3073 6.
721 3020 970 3076 Necducds'cu.llsus
978 3042 1023 3076 ms.
1031 3023 1164 3077 lectionem

91 3105 223 3171 lateant,
239 3104 328 3157 eibum
340 3104 424 3155 stetim
439 3103 557 3175 ejiciunt
569 3104 606 3157 sis
654 3100 778 3155 illibatum
789 3100 948 3157 retinendam
962 3103 1037 3156 docet
1051 3104 1166 3159 Gronov.

93 3185 134 3253 qui
150 3195 279 3257 praeepts
296 3180 366 3233 nude
384 3192 542 3252 sucepsrsnt,
555 3196 607 3234 set·
655 3178 802 3231 Pmuomen
816 3177 961 3234 illudentes
973 3180 1058 3233 deerat
1070 3180 1166 3235 issedd.

92 3278 166 3313 moue
185 3258 335 3313 ell'unduut.
355 3260 389 3311 As
410 3278 539 3331 contoque
565 3280 608 3333 pn·
656 3254 700 3307 En
721 3268 804 3307 sutem
823 3256 983 3329 pleonasmus
1004 3258 1048 3324 ille
1071 3280 1167 3333 prono·

93 3340 155 3402 tius,
164 3338 309 3391 insuetum
317 3348 385 3390 verte
396 3349 436 3401 ,et
444 3338 608 3391 mutationem
656 3333 732 3387 minis
740 3334 844 3387 usitslus
855 3336 1166 3410 Antiquis.Cl.Ep.txv1,

94 3419 215 3472 inruente
227 3416 608 3479 lactamustestsleAEceel'sbet,
660 3432 697 3479 17·
719 3412 776 3467 llos
796 3414 883 3482 nobis,
903 3430 949 3469 esc.
969 3416 1044 3483 xm,
1065 3438 1089 3470 n.
1108 3416 1166 3470 Nst.

93 3498 136 3568 qui
148 3496 246 3571 peritus
259 3494 319 3549 ustis
332 3506 381 3557 est,
400 3513 452 3547 non
464 3494 610 3547 obambulet
658 3490 710 3559 Qu.
723 3492 762 3560 ll,
781 3492 820 3546 ιθ.
837 3492 890 3547 Nec
910 3493 959 3547 hoe
979 3494 1053 3561 dieo,
1077 3508 1168 3547 ets.-

94 3576 395 3631 clsmissnstsludileme
407 3574 568 3629 disserentem
579 3574 609 3627 de
659 3568 688 3621 ln
707 3566 756 3629 loe
774 3570 866 3625 recedit
885 3590 899 3623 s
917 3570 1062 3625 Stoicorum
1080 3572 1169 3627 delini·

95 3677 121 3708 re
130 3656 217 3709 febrili
228 3676 237 3720 ς
250 3655 295 3707 sed
309 3654 398 3708 tacitus
410 3652 515 3706 domum
533 3666 558 3705 et
572 3665 610 3705 ts·
658 3646 727 3701 sione
736 3648 854 3725 sepientis
865 3648 1002 3704 notissima.
1011 3649 1102 3705 Ruth.

95 3736 198 3788 berum
217 3732 357 3795 conducit,
378 3730 479 3785 instruit
492 3742 516 3785 et
530 3728 611 3804 uperi·
693 3746 715 3795 7·
733 3724 866 3797 Βιμὶαω
872 3730 976 3796 prende.
986 3728 1167 3783 Proetendeed.

96 3810 141 3864 ltus
153 3812 303 3866 ostendisse
316 3808 543 3883 peritum.Tsletu
556 3810 609 3871 lac,
658 3804 695 3855 A.
711 3824 769 3857 cum
783 3825 828 3857 ms.
845 3826 866 3859 c.
887 3818 911 3858 et
930 3806 991 3859 Pur
1001 3805 1027 3859 d.
1040 3806 1168 3880 speciose:

99 3892 160 3953 ede,
172 3890 249 3955 bibe,
266 3902 295 3941 ut
312 3887 400 3947 deeett
422 3885 611 3940 matrimonium
660 3882 704 3936 sed
715 3880 833 3937 scholion
843 3884 908 3937 inter
917 3884 997 3938 lineus
1006 3905 1071 3939 msc.
1081 3905 1169 3957 oppes-

100 3966 235 4033 esutnhe,
251 3962 346 4020 liberos
364 3964 460 4037 gigne,
474 3984 526 4017 rem
544 3963 612 4019 ubli·
660 3960 783 4019 hendesd
795 3964 1066 4040 esmdemsoriptussm
1072 3967 1170 4036 prende

99 4065 153 4097 esm
163 4064 236 4118 gere,
248 4042 396 4097 convicium
411 4040 502 4103 solers,
521 3986 558 4093 tls
569 4060 613 4115 ps-
660 4045 777 4109 reiectus,
790 4064 868 4115 quem
886 4044 912 4099 ls.
929 4044 948 4097 l.
964 4045 1022 4098 edd.
1035 4064 1096 4099 cum
1113 4045 1170 4099 aliis

102 4136 177 4185 uem,
201 4122 317 4190 intrem,
340 4118 459 4173 vicinum
479 4116 612 4189 iniquum
661 4121 858 4190 msstisteneut,
872 4142 917 4197 pro
934 4142 965 4174 eo
980 4123 1122 4193 quedeliss
1135 4136 1172 4177 est

102 4212 127 4249 et
142 4198 201 4252 tulis
217 4198 289 4252 nobis
311 4196 439 4263 ostende,
464 4212 492 4249 ut
509 4217 567 4251 rere
590 4209 614 4265 te
660 4198 1170 4271 pudende-Conlqudelsucdisimus,

103 4274 276 4351 philosophum
291 4293 486 4349 cognoscemus.
500 4296 513 4321 s
526 4274 600 4342 lips.
663 4276 735 4328 Prot
751 4275 797 4326 fin.
807 4272 888 4329 scta.
