2975 4992
302 390 363 457 188
589 387 631 456 L.
657 386 835 457 ANNAEI
859 385 1070 458 SENECAE

296 518 397 611 Suliae
413 520 550 612 negavit
559 522 584 603 ¹,
603 521 659 587 oui
674 519 763 588 nihil
776 535 858 595 tuno
869 518 1072 613 negabatur.
1091 519 1133 587 ln
1145 534 1284 589 earcere
1296 520 1377 593 so-,

298 638 432 701 crates²
463 630 667 725 disputavit,
699 650 733 701 et
756 634 850 701 exire
869 629 994 726 (quum
1011 648 1124 701 essent
1139 634 1199 725 qui
1218 635 1367 727 promit-

298 762 410 815 terent
429 748 566 842 fug-sm)
593 749 722 832 noluit,
752 750 1006 842 remansitque,
1031 764 1069 817 ut
1083 747 1227 817 duorum
1246 772 1368 817 rerum

299 864 570 957 gravissimarum
587 864 782 933 hominibus
794 880 921 933 metum
932 862 1103 946 demeret,
1114 865 1231 932 mortis
1240 880 1277 931 et
1289 887 1370 931 mr-

298 977 397 1044 ceris.
425 960 578 1046 Mucius³
605 978 742 1071 ignibus
761 1003 895 1047 manum
924 978 1098 1071 imposuit.
1119 976 1292 1045 Acerbum
1316 990 1372 1043 est

259 1114 274 1166 5
299 1090 379 1179 uri,
403 1106 529 1181 quanto
545 1091 719 1177 acerbius,
741 1092 770 1159 si
787 1091 823 1159 id
841 1107 875 1161 te
894 1092 1043 1179 faciente¹
1056 1083 1245 1185 patiaris⁴i
1261 1088 1371 1158 Vides

235 1200 240 1211 ’
299 1205 470 1274 hominem
485 1230 553 1274 non
567 1206 760 1291 eruditum,
775 1232 840 1277 neo
856 1208 937 1277 ullis
953 1208 1132 1301 praeceptis
1145 1222 1263 1275 contra
1275 1229 1373 1273 mor·

299 1336 367 1389 tem
385 1337 444 1390 sut
469 1322 619 1393 dolorem
643 1324 863 1393 subornatum
877 1317 904 1408 ⁵,
925 1323 1064 1391 militari
1089 1339 1221 1391 tantum
1242 1323 1373 1391 robore

301 1442 524 1525 instructum,
546 1465 660 1535 poenas
683 1466 704 1509 a
726 1466 762 1509 se
781 1442 872 1509 irriti
896 1455 1034 1509 conatus
1051 1435 1258 1531 exigentem!
1285 1461 1374 1531 spe-

300 1571 408 1624 ctator
426 1556 619 1625 distillantis
633 1560 670 1625 in
687 1558 804 1627 hostili
818 1558 930 1626 ioculo
946 1556 1070 1625 dextrae
1085 1558 1197 1641 stetit,
1213 1580 1279 1623 neo
1290 1570 1374 1623 ante

301 1673 445 1741 removit
473 1672 574 1743 nudis
600 1674 731 1743 ossibus
757 1675 919 1743 fluentem
942 1698 1103 1755 monum,
1133 1672 1307 1766 qusmilli
1327 1671 1374 1740 ub

301 1791 397 1859 hoste
419 1788 582 1859 subducta
606 1784 693 1859 est⁶.
717 1795 845 1861 Facere
861 1791 993 1883 aliquid
1010 1792 1047 1859 in
1065 1791 1136 1859 illis
1152 1792 1272 1859 eastris
1288 1789 1374 1857 feli-

301 1907 374 1973 cius
391 1909 517 1999 potuit,
540 1905 628 1975 nibil
647 1907 780 1976 fortius.
802 1905 894 1975 Vide
910 1922 1039 1998 quanto
1056 1909 1168 1987 acrior
1184 1908 1228 1974 sit
1243 1905 1289 1974 sd
1309 1929 1376 1973 oo-

301 2022 457 2115 cupundu
473 2023 625 2117 pericula
639 2023 772 2106 virtus,
793 2047 894 2117 quam
909 2022 1091 2092 erudelitas
1108 2022 1153 2090 ad
1172 2021 1372 2115 irroganda.

261 2150 278 2203 6
303 2134 451 2203 Facilius
478 2139 649 2205 Porsenna
668 2138 783 2205 Mucio
809 2138 961 2231 ignovit,
987 2134 1081 2229 quod
1104 2136 1258 2204 voluerut
1279 2135 1377 2203 ooei·

304 2247 408 2332 dere,
430 2273 530 2340 quam
552 2248 616 2317 sibi
636 2250 792 2336 Mucius,
814 2250 906 2341 quod
926 2276 993 2319 non
1013 2249 1190 2319 occiderit.

350 2366 543 2433 Decantutae
555 2416 565 2452 ,
596 2367 738 2458 inquis,
764 2367 801 2433 in
825 2365 981 2433 omnibus
1006 2364 1129 2433 sobolis
1156 2362 1278 2432 inbuite
1300 2364 1379 2431 istm

305 2478 405 2549 sunt!
422 2483 510 2551 Tum
526 2482 609 2551 mihi
621 2488 647 2567 ⁷,
667 2507 771 2574 quum
787 2480 830 2550 ad
842 2480 1123 2550 contemnendum
1138 2496 1279 2549 mortem
1293 2504 1380 2549 ven·

343 2744 364 2776 ι.
381 2722 462 2777 Solia
473 2728 581 2793 negavit.
594 2726 685 2778 Noster
700 2725 730 2778 de
747 2725 814 2778 Pro·
894 2726 917 2776 ⁵.
934 2722 1113 2777 Subomatum
1124 2736 1191 2777 reete
1205 2723 1353 2776 defenditur
1363 2744 1380 2776 ι

308 2801 360 2855 rid.
373 2821 427 2871 esp.
438 2802 465 2855 3:
473 2824 486 2849 r
494 2802 605 2855 Rutilius
611 2802 690 2857 Solle
699 2802 814 2857 dictatori
865 2803 980 2855 Gronov.
987 2814 1072 2855 contre
1081 2803 1218 2856 Gruterum
1226 2801 1284 2873 ,qui
1295 2822 1310 2853 e
1319 2800 1380 2855 eod.

308 2882 379 2931 solus
397 2878 500 2950 aliquid
512 2882 633 2954 negarit,
652 2895 816 2936 etrevocstus
867 2880 923 2933 col.
934 2882 1053 2934 obrutum
1067 2892 1219 2933 enotaverst.
1241 2880 1287 2933 Vis
1306 2879 1381 2932 vocis

309 2975 362 3007 uon
374 2967 470 3008 tentum
490 2969 555 3011 retro
575 2959 661 3025 cessit,
677 2960 721 3012 sed
740 2961 817 3013 etism
865 2979 934 3012 nune
945 2960 986 3012 rel
999 2978 1028 3010 er
1043 2959 1140 3012 beris-is
1155 2971 1214 3011 uota
1227 2970 1279 3022 est,
1299 2977 1378 3011 orna·

308 3032 411 3105 lougius
425 3033 517 3105 fugit.»
531 3036 637 3090 Ovidius
650 3054 657 3087 ι
669 3058 682 3084 α
695 3038 727 3091 Et
742 3056 819 3111 greve
867 3050 920 3090 turo
931 3036 1082 3110 simpliciter.
1092 3036 1181 3087 Rubi.

309 3111 468 3182 msgosuimi
490 3112 569 3166 robur
595 3115 686 3167 mirere
713 3114 816 3178 Rutili;
899 3116 924 3168 ὃ.
946 3114 1036 3185 Quam
1059 3116 1101 3167 itta·
1119 3116 1155 3167 ab
1178 3106 1250 3167 bos‘te
1268 3115 1377 3167 sub&-

204 3246 207 3255 ,
309 3188 526 3243 Nonusireditus
539 3192 683 3245 conditione
695 3192 778 3246 deti.»
866 3204 908 3245 cta
931 3202 977 3244 est.
1001 3191 1046 3244 sic
1068 3192 1156 3264 scripsi
1180 3209 1237 3244 eom
1261 3192 1330 3260 Arg.
1353 3190 1380 3242 b.

345 3290 369 3321 π.
389 3267 516 3322 Socrates.
542 3270 672 3323 Critonem
698 3284 722 3324 st
747 3271 819 3325 Siro-
867 3273 909 3325 eui
930 3269 1062 3325 assentitur
1076 3272 1142 3324 Por.
1163 3292 1190 3323 a.
1212 3269 1263 3323 Sed
1283 3269 1378 3322 rectius

311 3348 390 3401 mism
402 3346 552 3401 Thebanum
565 3347 612 3402 hoe
630 3350 765 3403 consilium
780 3370 820 3403 ee·
867 3350 1028 3404 revocabitur
1046 3350 1193 3425 vulgatum,
1211 3370 1292 3421 quam
1308 3353 1379 3419 ignis

311 3426 376 3501 pisse
385 3464 392 3490 ,
407 3438 434 3477 ut
444 3425 571 3480 Socratem
583 3428 643 3500 fuge
654 3426 758 3501 ingratis
767 3430 819 3482 suis
867 3434 910 3485 itti
928 3432 963 3483 ab
986 3432 1059 3485 hoste
1076 3433 1216 3485 subductus
1232 3441 1285 3491 est,
1307 3429 1381 3499 quod

311 3502 409 3557 civibus
418 3504 557 3577 eriperent,
570 3517 606 3557 est
615 3524 654 3557 res
667 3519 725 3559 note
736 3506 778 3559 vel
790 3528 819 3559 er
868 3529 926 3562 eum
936 3508 977 3562 ed.
990 3510 1026 3562 R·
1039 3521 1063 3561 et
1074 3510 1108 3562 A.
1121 3508 1219 3581 prrefert
1229 3526 1274 3559 ms.
1284 3526 1304 3558 c.
1318 3519 1382 3579 puto

312 3579 430 3655 Xenopb.
452 3581 557 3654 Apolog.
576 3583 590 3652 5
610 3580 655 3649 ²3,
675 3604 698 3657 p.
724 3583 769 3651 146
780 3586 820 3638 ed.
869 3601 893 3641 et
902 3586 955 3641 atii.
963 3586 1050 3651 (cont.
1060 3584 1107 3657 Ep.
1117 3589 1198 3649 txvt.)
1210 3584 1276 3636 Par.
1284 3584 1309 3636 b.
1322 3583 1381 3654 qni·

310 3662 393 3713 Zeno.
402 3672 427 3712 et
434 3657 683 3713 Platoncrit'iom.
694 3662 718 3725 1,
729 3680 754 3730 p.
765 3682 819 3727 ron,
869 3667 965 3719 demet
980 3664 1044 3716 Por.
1061 3665 1088 3714 d.
1103 3682 1184 3732 quam
1194 3664 1238 3715 itti
1255 3662 1291 3713 od
1307 3663 1386 3713 toste

313 3758 368 3811 sqq.
389 3738 450 3807 Bip.
470 3738 583 3792 Meinrrr
606 3737 754 3793 Gesehicbte
777 3742 825 3792 der
870 3744 1013 3796 subductos
1025 3749 1064 3794 est
1076 3760 1085 3793 .·
1097 3740 1190 3794 omisso
1204 3738 1293 3793 vocab.
1303 3743 1384 3811 ignis.

267 3844 274 3873 t
319 3816 483 3871 Wtssensct.
501 3819 529 3868 irs
550 3814 651 3870 Grs'ecb.
671 3820 727 3870 und
743 3818 823 3875 Rom.
871 3818 954 3873 Scbw.

313 3900 387 3969 Tum.
401 3898 442 3965 li,
455 3918 478 3968 p.
491 3896 553 3969 496,
567 3916 621 3967 sqq.
634 3896 723 3950 Itutlr.
907 3917 928 3965 7.
940 3895 1007 3947 Tum
1015 3896 1089 3949 rrrs'hi.
1103 3894 1248 3968 Schweigh.
1261 3895 1340 3949 babet
1355 3894 1383 3947 iu

347 3974 823 4041 3.Mucius.ct.t.iv.11,12.ltutt.
872 3993 916 4027 sus
936 3974 975 4026 ed.
988 3976 1069 4027 etium
1085 3974 1153 4027 mibi
1163 3993 1172 4026 ‚¹
1189 3974 1232 4026 sed
1250 3974 1303 4046 ipse
1315 3972 1385 4025 bane

349 4056 373 4118 4.
390 4052 423 4105 st
434 4054 465 4104 r'd
474 4063 498 4105 te
502 4052 618 4119 faciente
632 4056 755 4123 potr’oris.
773 4055 823 4105 lut.
872 4054 929 4106 lect.
940 4052 975 4105 sic
985 4053 1386 4127 corrigitinnotistsieequidem

319 4129 347 4185 Si
359 4144 383 4182 te
395 4129 445 4203 ipse
457 4148 522 4182 ures.
874 4132 1049 4203 interpretetus
1058 4150 1129 4185 erem
1135 4131 1281 4205 scripturam
1290 4169 1298 4199 ,
1306 4149 1387 4203 qoem
