<?xml version="1.0" encoding="UTF-8"?>
<!DOCTYPE html PUBLIC "-//W3C//DTD XHTML 1.0 Transitional//EN"
    "http://www.w3.org/TR/xhtml1/DTD/xhtml1-transitional.dtd">
<html xmlns="http://www.w3.org/1999/xhtml" xml:lang="en" lang="en">
 <head>
  <title>
</title>
<meta http-equiv="Content-Type" content="text/html;charset=utf-8" />
  <meta name='ocr-system' content='tesseract 3.04.00' />
  <meta name='ocr-capabilities' content='ocr_page ocr_carea ocr_par ocr_line ocrx_word'/>
</head>
<body>
  <div class='ocr_page' id='page_1' title='image "./lannsenecparspr03bouigoog_0166.png"; bbox 0 0 2975 4992; ppageno 0'>
   <div class='ocr_carea' id='block_1_1' title="bbox 308 472 1418 1050">
    <p class='ocr_par' dir='ltr' id='par_1_1' title="bbox 358 472 1259 556">
     <span class='ocr_line' id='line_1_1' title="bbox 358 472 1259 556; baseline 0.006 -14"><span class='ocrx_word' id='word_1_1' title='bbox 358 472 420 556; x_wconf 71' lang='lat'><strong>¹⁵4</strong></span> <span class='ocrx_word' id='word_1_2' title='bbox 636 479 677 545; x_wconf 91' lang='lat' dir='ltr'><strong>L.</strong></span> <span class='ocrx_word' id='word_1_3' title='bbox 703 474 889 546; x_wconf 77' lang='lat' dir='ltr'><strong>ANNAEI</strong></span> <span class='ocrx_word' id='word_1_4' title='bbox 912 475 1137 547; x_wconf 79' lang='lat' dir='ltr'>SENECAE</span> <span class='ocrx_word' id='word_1_5' title='bbox 1251 479 1259 511; x_wconf 81' lang='lat'>⁸</span> 
     </span>
    </p>

    <p class='ocr_par' dir='ltr' id='par_1_2' title="bbox 351 602 1418 701">
     <span class='ocr_line' id='line_1_2' title="bbox 351 602 1418 701; baseline 0.008 -30"><span class='ocrx_word' id='word_1_6' title='bbox 351 604 407 680; x_wconf 82' lang='lat' dir='ltr'><strong>his</strong></span> <span class='ocrx_word' id='word_1_7' title='bbox 420 602 579 695; x_wconf 81' lang='lat' dir='ltr'><strong>Epistoiis</strong></span> <span class='ocrx_word' id='word_1_8' title='bbox 594 605 663 690; x_wconf 83' lang='lat' dir='ltr'><strong>nit,</strong></span> <span class='ocrx_word' id='word_1_9' title='bbox 681 628 767 699; x_wconf 78' lang='lat' dir='ltr'><strong>quus</strong></span> <span class='ocrx_word' id='word_1_10' title='bbox 783 606 942 701; x_wconf 85' lang='lat' dir='ltr'><strong>scripsit,</strong></span> <span class='ocrx_word' id='word_1_11' title='bbox 957 606 1109 676; x_wconf 77' lang='lat' dir='ltr'>Charino</span> <span class='ocrx_word' id='word_1_12' title='bbox 1123 606 1357 700; x_wconf 79' lang='lat' dir='ltr'><strong>magistratu&#39;,</strong></span> <span class='ocrx_word' id='word_1_13' title='bbox 1373 610 1418 680; x_wconf 76' lang='lat' dir='ltr'><strong>ud</strong></span> 
     </span>
    </p>

    <p class='ocr_par' dir='ltr' id='par_1_3' title="bbox 351 719 1414 817">
     <span class='ocr_line' id='line_1_3' title="bbox 351 719 1414 817; baseline 0.005 -31"><span class='ocrx_word' id='word_1_14' title='bbox 351 720 563 815; x_wconf 55' lang='lat' dir='ltr'><strong>Poboenum,</strong></span> <span class='ocrx_word' id='word_1_15' title='bbox 576 722 620 790; x_wconf 87' lang='lat' dir='ltr'><strong>Et</strong></span> <span class='ocrx_word' id='word_1_16' title='bbox 632 719 770 815; x_wconf 84' lang='lat' dir='ltr'><strong>quidem</strong></span> <span class='ocrx_word' id='word_1_17' title='bbox 785 722 972 817; x_wconf 77' lang='lat' dir='ltr'><strong>gloriatur,</strong></span> <span class='ocrx_word' id='word_1_18' title='bbox 992 748 1009 787; x_wconf 90' lang='grc' dir='ltr'><strong>ιι</strong></span> <span class='ocrx_word' id='word_1_19' title='bbox 1025 747 1095 791; x_wconf 91' lang='lat' dir='ltr'><strong>non</strong></span> <span class='ocrx_word' id='word_1_20' title='bbox 1110 737 1182 791; x_wconf 88' lang='lat' dir='ltr'><strong>toto</strong></span> <span class='ocrx_word' id='word_1_21' title='bbox 1194 744 1269 789; x_wconf 84' lang='lat' dir='ltr'><strong>asse</strong></span> <span class='ocrx_word' id='word_1_22' title='bbox 1284 723 1414 815; x_wconf 78' lang='lat' dir='ltr'><strong>&#39;pasc13</strong></span> 
     </span>
    </p>

    <p class='ocr_par' dir='ltr' id='par_1_4' title="bbox 308 830 1414 1050">
     <span class='ocr_line' id='line_1_4' title="bbox 350 830 1414 933; baseline -0.004 -30"><span class='ocrx_word' id='word_1_23' title='bbox 350 830 622 921; x_wconf 81' lang='lat' dir='ltr'><strong>Metrodorum³,</strong></span> <span class='ocrx_word' id='word_1_24' title='bbox 649 839 710 930; x_wconf 90' lang='lat' dir='ltr'><strong>qui</strong></span> <span class='ocrx_word' id='word_1_25' title='bbox 734 836 886 907; x_wconf 89' lang='lat' dir='ltr'><strong>nondum</strong></span> <span class='ocrx_word' id='word_1_26' title='bbox 909 853 1040 907; x_wconf 82' lang='lat' dir='ltr'><strong>tuntum</strong></span> <span class='ocrx_word' id='word_1_27' title='bbox 1065 837 1272 933; x_wconf 82' lang='lat' dir='ltr'><strong>profecerit,</strong></span> <span class='ocrx_word' id='word_1_28' title='bbox 1299 851 1379 905; x_wconf 91' lang='lat' dir='ltr'><strong>toto.</strong></span> <span class='ocrx_word' id='word_1_29' title='bbox 1396 865 1414 899; x_wconf 67' lang='lat' dir='ltr'>n</span> 
     </span>
     <span class='ocr_line' id='line_1_5' title="bbox 308 945 1413 1050; baseline 0 -32"><span class='ocrx_word' id='word_1_30' title='bbox 308 953 327 1007; x_wconf 70' lang='grc' dir='ltr'><strong>Β</strong></span> <span class='ocrx_word' id='word_1_31' title='bbox 351 952 425 1019; x_wconf 92' lang='lat' dir='ltr'><strong>Hoc</strong></span> <span class='ocrx_word' id='word_1_32' title='bbox 437 953 522 1021; x_wconf 87' lang='lat' dir='ltr'><strong>tuin</strong></span> <span class='ocrx_word' id='word_1_33' title='bbox 534 945 645 1022; x_wconf 84' lang='lat' dir='ltr'><strong>victu⁴</strong></span> <span class='ocrx_word' id='word_1_34' title='bbox 659 956 869 1023; x_wconf 73' lang='lat' dir='ltr'><strong>saturitatem</strong></span> <span class='ocrx_word' id='word_1_35' title='bbox 882 970 982 1050; x_wconf 87' lang='lat' dir='ltr'><strong>putas</strong></span> <span class='ocrx_word' id='word_1_36' title='bbox 999 945 1092 1023; x_wconf 81' lang='lat' dir='ltr'><strong>esse⁵</strong></span> <span class='ocrx_word' id='word_1_37' title='bbox 1105 955 1121 1024; x_wconf 83' lang='lat' dir='ltr'><strong>i</strong></span> <span class='ocrx_word' id='word_1_38' title='bbox 1134 970 1169 1023; x_wconf 88' lang='lat' dir='ltr'><strong>et</strong></span> <span class='ocrx_word' id='word_1_39' title='bbox 1181 952 1336 1047; x_wconf 76' lang='lat' dir='ltr'><strong>voluptas</strong></span> <span class='ocrx_word' id='word_1_40' title='bbox 1349 950 1413 1022; x_wconf 83' lang='lat' dir='ltr'><strong>est!</strong></span> 
     </span>
    </p>
   </div>
   <div class='ocr_carea' id='block_1_2' title="bbox 306 1074 1418 2099">
    <p class='ocr_par' dir='ltr' id='par_1_5' title="bbox 306 1074 1418 2099">
     <span class='ocr_line' id='line_1_6' title="bbox 351 1074 1417 1172; baseline 0.002 -29"><span class='ocrx_word' id='word_1_41' title='bbox 351 1074 506 1170; x_wconf 79' lang='lat' dir='ltr'><strong>voluptas</strong></span> <span class='ocrx_word' id='word_1_42' title='bbox 521 1092 633 1145; x_wconf 83' lang='lat' dir='ltr'><strong>nutem</strong></span> <span class='ocrx_word' id='word_1_43' title='bbox 649 1100 719 1145; x_wconf 92' lang='lat' dir='ltr'><strong>non</strong></span> <span class='ocrx_word' id='word_1_44' title='bbox 741 1076 800 1145; x_wconf 85' lang='lat' dir='ltr'><strong>ilia</strong></span> <span class='ocrx_word' id='word_1_45' title='bbox 818 1077 902 1145; x_wconf 85' lang='lat' dir='ltr'><strong>levis</strong></span> <span class='ocrx_word' id='word_1_46' title='bbox 919 1093 953 1145; x_wconf 88' lang='lat' dir='ltr'><strong>et</strong></span> <span class='ocrx_word' id='word_1_47' title='bbox 971 1076 1072 1172; x_wconf 74' lang='lat' dir='ltr'><strong>firgus</strong></span> <span class='ocrx_word' id='word_1_48' title='bbox 1082 1128 1094 1162; x_wconf 93' lang='lat'><strong>,</strong></span> <span class='ocrx_word' id='word_1_49' title='bbox 1117 1092 1153 1145; x_wconf 90' lang='lat' dir='ltr'><strong>et</strong></span> <span class='ocrx_word' id='word_1_50' title='bbox 1172 1074 1318 1145; x_wconf 80' lang='lat' dir='ltr'><strong>subinde</strong></span> <span class='ocrx_word' id='word_1_51' title='bbox 1339 1076 1417 1145; x_wconf 88' lang='lat' dir='ltr'><strong>refi-</strong></span> 
     </span>
     <span class='ocr_line' id='line_1_7' title="bbox 349 1191 1418 1286; baseline 0.003 -27"><span class='ocrx_word' id='word_1_52' title='bbox 349 1191 494 1276; x_wconf 84' lang='lat' dir='ltr'><strong>cienda,</strong></span> <span class='ocrx_word' id='word_1_53' title='bbox 516 1192 576 1261; x_wconf 80' lang='lat' dir='ltr'><strong>sed</strong></span> <span class='ocrx_word' id='word_1_54' title='bbox 593 1192 722 1262; x_wconf 83' lang='lat' dir='ltr'><strong>stabilis</strong></span> <span class='ocrx_word' id='word_1_55' title='bbox 740 1208 775 1263; x_wconf 88' lang='lat' dir='ltr'><strong>ct</strong></span> <span class='ocrx_word' id='word_1_56' title='bbox 792 1207 897 1261; x_wconf 85' lang='lat' dir='ltr'><strong>certa.</strong></span> <span class='ocrx_word' id='word_1_57' title='bbox 919 1195 995 1280; x_wconf 83' lang='lat' dir='ltr'><strong>Non</strong></span> <span class='ocrx_word' id='word_1_58' title='bbox 1012 1194 1104 1261; x_wconf 87' lang='lat' dir='ltr'><strong>enim</strong></span> <span class='ocrx_word' id='word_1_59' title='bbox 1118 1191 1273 1286; x_wconf 81' lang='lat' dir='ltr'><strong>jucunda</strong></span> <span class='ocrx_word' id='word_1_60' title='bbox 1289 1216 1345 1260; x_wconf 83' lang='lat' dir='ltr'><strong>res</strong></span> <span class='ocrx_word' id='word_1_61' title='bbox 1371 1207 1418 1264; x_wconf 86' lang='lat' dir='ltr'><strong>est</strong></span> 
     </span>
     <span class='ocr_line' id='line_1_8' title="bbox 349 1307 1418 1403; baseline -0.001 -25"><span class='ocrx_word' id='word_1_62' title='bbox 349 1332 439 1401; x_wconf 76' lang='lat' dir='ltr'><strong>uque</strong></span> <span class='ocrx_word' id='word_1_63' title='bbox 450 1323 485 1378; x_wconf 89' lang='lat' dir='ltr'><strong>et</strong></span> <span class='ocrx_word' id='word_1_64' title='bbox 495 1310 633 1403; x_wconf 73' lang='lat' dir='ltr'><strong>polenta</strong></span> <span class='ocrx_word' id='word_1_65' title='bbox 641 1358 654 1398; x_wconf 90' lang='lat'><strong>,</strong></span> <span class='ocrx_word' id='word_1_66' title='bbox 668 1326 727 1379; x_wconf 80' lang='lat' dir='ltr'><strong>aut</strong></span> <span class='ocrx_word' id='word_1_67' title='bbox 741 1308 887 1378; x_wconf 84' lang='lat' dir='ltr'><strong>frustum</strong></span> <span class='ocrx_word' id='word_1_68' title='bbox 897 1307 1080 1378; x_wconf 82' lang='lat' dir='ltr'><strong>hordeacei</strong></span> <span class='ocrx_word' id='word_1_69' title='bbox 1089 1310 1207 1403; x_wconf 86' lang='lat' dir='ltr'><strong>panis;</strong></span> <span class='ocrx_word' id='word_1_70' title='bbox 1220 1308 1280 1379; x_wconf 87' lang='lat' dir='ltr'><strong>sed</strong></span> <span class='ocrx_word' id='word_1_71' title='bbox 1294 1332 1418 1377; x_wconf 85' lang='lat' dir='ltr'><strong>summa</strong></span> 
     </span>
     <span class='ocr_line' id='line_1_9' title="bbox 349 1422 1417 1520; baseline 0.001 -28"><span class='ocrx_word' id='word_1_72' title='bbox 349 1422 505 1518; x_wconf 78' lang='lat' dir='ltr'><strong>voluptas</strong></span> <span class='ocrx_word' id='word_1_73' title='bbox 519 1440 587 1510; x_wconf 86' lang='lat' dir='ltr'><strong>est,</strong></span> <span class='ocrx_word' id='word_1_74' title='bbox 603 1448 701 1520; x_wconf 84' lang='lat' dir='ltr'><strong>posse</strong></span> <span class='ocrx_word' id='word_1_75' title='bbox 714 1446 837 1519; x_wconf 73' lang='lat' dir='ltr'><strong>cupere</strong></span> <span class='ocrx_word' id='word_1_76' title='bbox 850 1424 1005 1508; x_wconf 73' lang='lat' dir='ltr'><strong>etiamen</strong></span> <span class='ocrx_word' id='word_1_77' title='bbox 1018 1423 1075 1492; x_wconf 90' lang='lat' dir='ltr'><strong>his</strong></span> <span class='ocrx_word' id='word_1_78' title='bbox 1085 1424 1311 1519; x_wconf 81' lang='lat' dir='ltr'><strong>voiuptatem,</strong></span> <span class='ocrx_word' id='word_1_79' title='bbox 1329 1442 1363 1493; x_wconf 89' lang='lat' dir='ltr'><strong>et</strong></span> <span class='ocrx_word' id='word_1_80' title='bbox 1376 1426 1417 1493; x_wconf 84' lang='lat' dir='ltr'><strong>ad</strong></span> 
     </span>
     <span class='ocr_line' id='line_1_10' title="bbox 351 1532 1417 1633; baseline 0 -27"><span class='ocrx_word' id='word_1_81' title='bbox 351 1534 389 1606; x_wconf 87' lang='lat' dir='ltr'><strong>id</strong></span> <span class='ocrx_word' id='word_1_82' title='bbox 406 1560 443 1605; x_wconf 80' lang='lat' dir='ltr'><strong>sc</strong></span> <span class='ocrx_word' id='word_1_83' title='bbox 464 1532 681 1625; x_wconf 80' lang='lat' dir='ltr'><strong>deduxissc⁶,</strong></span> <span class='ocrx_word' id='word_1_84' title='bbox 707 1538 800 1633; x_wconf 92' lang='lat' dir='ltr'><strong>quod</strong></span> <span class='ocrx_word' id='word_1_85' title='bbox 825 1540 960 1633; x_wconf 85' lang='lat' dir='ltr'><strong>eripere</strong></span> <span class='ocrx_word' id='word_1_86' title='bbox 981 1538 1075 1607; x_wconf 87' lang='lat' dir='ltr'><strong>nutta</strong></span> <span class='ocrx_word' id='word_1_87' title='bbox 1098 1539 1242 1607; x_wconf 81' lang='lat' dir='ltr'><strong>fortunae</strong></span> <span class='ocrx_word' id='word_1_88' title='bbox 1261 1540 1417 1633; x_wconf 82' lang='lat' dir='ltr'><strong>iniquitas</strong></span> 
     </span>
     <span class='ocr_line' id='line_1_11' title="bbox 349 1653 1417 1749; baseline 0.003 -29"><span class='ocrx_word' id='word_1_89' title='bbox 349 1653 469 1747; x_wconf 77' lang='lat' dir='ltr'><strong>possit.</strong></span> <span class='ocrx_word' id='word_1_90' title='bbox 489 1654 693 1723; x_wconf 80' lang='lat' dir='ltr'><strong>Liberiora⁷</strong></span> <span class='ocrx_word' id='word_1_91' title='bbox 713 1670 793 1723; x_wconf 85' lang='lat' dir='ltr'><strong>sunt</strong></span> <span class='ocrx_word' id='word_1_92' title='bbox 812 1655 970 1722; x_wconf 82' lang='lat' dir='ltr'><strong>alimenta</strong></span> <span class='ocrx_word' id='word_1_93' title='bbox 995 1656 1170 1743; x_wconf 71' lang='lat' dir='ltr'><strong>carceris,</strong></span> <span class='ocrx_word' id='word_1_94' title='bbox 1191 1655 1354 1749; x_wconf 81' lang='lat' dir='ltr'><strong>sepositos</strong></span> <span class='ocrx_word' id='word_1_95' title='bbox 1377 1654 1417 1723; x_wconf 84' lang='lat' dir='ltr'><strong>nd</strong></span> 
     </span>
     <span class='ocr_line' id='line_1_12' title="bbox 349 1762 1413 1864; baseline 0.003 -29"><span class='ocrx_word' id='word_1_96' title='bbox 349 1766 496 1862; x_wconf 80' lang='lat' dir='ltr'><strong>capitale</strong></span> <span class='ocrx_word' id='word_1_97' title='bbox 509 1762 712 1863; x_wconf 83' lang='lat' dir='ltr'><strong>supplicium</strong></span> <span class='ocrx_word' id='word_1_98' title='bbox 726 1792 796 1837; x_wconf 93' lang='lat' dir='ltr'><strong>non</strong></span> <span class='ocrx_word' id='word_1_99' title='bbox 809 1785 878 1837; x_wconf 82' lang='lat' dir='ltr'><strong>tam</strong></span> <span class='ocrx_word' id='word_1_100' title='bbox 893 1786 1060 1864; x_wconf 77' lang='lat' dir='ltr'><strong>anguste,</strong></span> <span class='ocrx_word' id='word_1_101' title='bbox 1082 1772 1142 1863; x_wconf 90' lang='lat' dir='ltr'><strong>qui</strong></span> <span class='ocrx_word' id='word_1_102' title='bbox 1160 1773 1334 1839; x_wconf 87' lang='lat' dir='ltr'><strong>occisurus</strong></span> <span class='ocrx_word' id='word_1_103' title='bbox 1350 1787 1413 1853; x_wconf 85' lang='lat' dir='ltr'><strong>est,</strong></span> 
     </span>
     <span class='ocr_line' id='line_1_13' title="bbox 306 1880 1417 1981; baseline 0.001 -28"><span class='ocrx_word' id='word_1_104' title='bbox 306 1912 327 1965; x_wconf 72' lang='lat'><strong>⁴³</strong></span> <span class='ocrx_word' id='word_1_105' title='bbox 349 1886 470 1979; x_wconf 77' lang='lat' dir='ltr'><strong>puscit.</strong></span> <span class='ocrx_word' id='word_1_106' title='bbox 495 1885 633 1979; x_wconf 81' lang='lat' dir='ltr'><strong>Quanto</strong></span> <span class='ocrx_word' id='word_1_107' title='bbox 656 1902 708 1955; x_wconf 84' lang='lat' dir='ltr'><strong>est</strong></span> <span class='ocrx_word' id='word_1_108' title='bbox 724 1887 829 1953; x_wconf 80' lang='lat' dir='ltr'><strong>animi</strong></span> <span class='ocrx_word' id='word_1_109' title='bbox 848 1885 1073 1981; x_wconf 74' lang='lat' dir='ltr'><strong>magnitudo,</strong></span> <span class='ocrx_word' id='word_1_110' title='bbox 1095 1885 1141 1955; x_wconf 86' lang='lat' dir='ltr'><strong>ad</strong></span> <span class='ocrx_word' id='word_1_111' title='bbox 1160 1886 1198 1955; x_wconf 89' lang='lat' dir='ltr'><strong>id</strong></span> <span class='ocrx_word' id='word_1_112' title='bbox 1219 1911 1281 1956; x_wconf 84' lang='lat' dir='ltr'><strong>sua</strong></span> <span class='ocrx_word' id='word_1_113' title='bbox 1302 1880 1417 1981; x_wconf 82' lang='lat' dir='ltr'><strong>sponte</strong></span> 
     </span>
     <span class='ocr_line' id='line_1_14' title="bbox 351 1982 1415 2099; baseline 0.002 -29"><span class='ocrx_word' id='word_1_114' title='bbox 351 2000 584 2089; x_wconf 84' lang='lat' dir='ltr'><strong>descendere,</strong></span> <span class='ocrx_word' id='word_1_115' title='bbox 610 2002 703 2099; x_wconf 89' lang='lat' dir='ltr'><strong>quod</strong></span> <span class='ocrx_word' id='word_1_116' title='bbox 721 2028 766 2073; x_wconf 85' lang='lat' dir='ltr'><strong>ne</strong></span> <span class='ocrx_word' id='word_1_117' title='bbox 785 2003 830 2073; x_wconf 81' lang='lat' dir='ltr'><strong>nd</strong></span> <span class='ocrx_word' id='word_1_118' title='bbox 846 2021 995 2074; x_wconf 84' lang='lat' dir='ltr'><strong>extrema</strong></span> <span class='ocrx_word' id='word_1_119' title='bbox 1021 2003 1161 2099; x_wconf 89' lang='lat' dir='ltr'><strong>quidem</strong></span> <span class='ocrx_word' id='word_1_120' title='bbox 1188 1982 1354 2074; x_wconf 82' lang='lat' dir='ltr'><strong>decretis⁸</strong></span> <span class='ocrx_word' id='word_1_121' title='bbox 1373 2006 1415 2072; x_wconf 94' lang='lat' dir='ltr'><strong>ti-</strong></span> 
     </span>
    </p>
   </div>
   <div class='ocr_carea' id='block_1_3' title="bbox 121 2220 1429 4246">
    <p class='ocr_par' dir='ltr' id='par_1_6' title="bbox 346 2220 1422 3307">
     <span class='ocr_line' id='line_1_15' title="bbox 386 2220 1418 2294; baseline -0.001 -18"><span class='ocrx_word' id='word_1_122' title='bbox 386 2242 408 2277; x_wconf 86' lang='lat'><strong>1.</strong></span> <span class='ocrx_word' id='word_1_123' title='bbox 427 2220 540 2277; x_wconf 78' lang='lat' dir='ltr'><strong>Charim</strong></span> <span class='ocrx_word' id='word_1_124' title='bbox 550 2227 717 2293; x_wconf 72' lang='lat' dir='ltr'><strong>magistratu.</strong></span> <span class='ocrx_word' id='word_1_125' title='bbox 725 2223 788 2283; x_wconf 70' lang='lat' dir='ltr'><strong>Bet</strong></span> <span class='ocrx_word' id='word_1_126' title='bbox 798 2241 862 2277; x_wconf 77' lang='lat' dir='ltr'><strong>ver·</strong></span> <span class='ocrx_word' id='word_1_127' title='bbox 908 2220 954 2293; x_wconf 66' lang='lat' dir='ltr'><strong>ted</strong></span> <span class='ocrx_word' id='word_1_128' title='bbox 965 2242 1012 2282; x_wconf 82' lang='lat' dir='ltr'><strong>nec</strong></span> <span class='ocrx_word' id='word_1_129' title='bbox 1025 2220 1215 2278; x_wconf 74' lang='lat' dir='ltr'><strong>desidersbatur</strong></span> <span class='ocrx_word' id='word_1_130' title='bbox 1224 2240 1382 2294; x_wconf 81' lang='lat' dir='ltr'><strong>pronomen,</strong></span> <span class='ocrx_word' id='word_1_131' title='bbox 1395 2234 1418 2275; x_wconf 90' lang='lat' dir='ltr'><strong>et</strong></span> 
     </span>
     <span class='ocr_line' id='line_1_16' title="bbox 350 2292 1418 2374; baseline 0.004 -22"><span class='ocrx_word' id='word_1_132' title='bbox 350 2298 382 2353; x_wconf 73' lang='lat' dir='ltr'><strong>bs</strong></span> <span class='ocrx_word' id='word_1_133' title='bbox 393 2314 400 2353; x_wconf 72' lang='grc' dir='ltr'><strong><em>ε</em></strong></span> <span class='ocrx_word' id='word_1_134' title='bbox 414 2300 691 2369; x_wconf 67' lang='lat' dir='ltr'><strong>Charinomagistratu</strong></span> <span class='ocrx_word' id='word_1_135' title='bbox 699 2302 731 2354; x_wconf 73' lang='lat' dir='ltr'><strong>sd</strong></span> <span class='ocrx_word' id='word_1_136' title='bbox 741 2299 861 2374; x_wconf 85' lang='lat' dir='ltr'><strong>temporit</strong></span> <span class='ocrx_word' id='word_1_137' title='bbox 909 2300 979 2354; x_wconf 77' lang='lat' dir='ltr'><strong>abest</strong></span> <span class='ocrx_word' id='word_1_138' title='bbox 990 2292 1030 2356; x_wconf 86' lang='lat' dir='ltr'><strong>ed.</strong></span> <span class='ocrx_word' id='word_1_139' title='bbox 1042 2305 1079 2354; x_wconf 84' lang='lat' dir='ltr'><strong>A.</strong></span> <span class='ocrx_word' id='word_1_140' title='bbox 1090 2315 1115 2353; x_wconf 93' lang='lat' dir='ltr'><strong>et</strong></span> <span class='ocrx_word' id='word_1_141' title='bbox 1125 2303 1158 2355; x_wconf 79' lang='lat' dir='ltr'><strong>R„</strong></span> <span class='ocrx_word' id='word_1_142' title='bbox 1172 2313 1197 2354; x_wconf 91' lang='lat' dir='ltr'><strong>et</strong></span> <span class='ocrx_word' id='word_1_143' title='bbox 1207 2303 1278 2355; x_wconf 86' lang='lat' dir='ltr'><strong>mssti</strong></span> <span class='ocrx_word' id='word_1_144' title='bbox 1290 2303 1357 2371; x_wconf 63' lang='lat' dir='ltr'><strong>Am.</strong></span> <span class='ocrx_word' id='word_1_145' title='bbox 1367 2302 1390 2355; x_wconf 83' lang='lat' dir='ltr'><strong>h·</strong></span> <span class='ocrx_word' id='word_1_146' title='bbox 1398 2323 1418 2356; x_wconf 84' lang='lat' dir='ltr'><strong>c.</strong></span> 
     </span>
     <span class='ocr_line' id='line_1_17' title="bbox 351 2374 1417 2452; baseline 0.004 -23"><span class='ocrx_word' id='word_1_147' title='bbox 351 2374 529 2431; x_wconf 82' lang='lat' dir='ltr'><strong>definitionem</strong></span> <span class='ocrx_word' id='word_1_148' title='bbox 541 2378 646 2431; x_wconf 75' lang='lat' dir='ltr'><strong>trahunt</strong></span> <span class='ocrx_word' id='word_1_149' title='bbox 662 2379 772 2452; x_wconf 86' lang='lat' dir='ltr'><strong>luterpp.</strong></span> <span class='ocrx_word' id='word_1_150' title='bbox 784 2378 861 2448; x_wconf 82' lang='lat' dir='ltr'><strong>idque</strong></span> <span class='ocrx_word' id='word_1_151' title='bbox 910 2390 935 2431; x_wconf 90' lang='lat' dir='ltr'><strong>et</strong></span> <span class='ocrx_word' id='word_1_152' title='bbox 946 2378 1014 2433; x_wconf 80' lang='lat' dir='ltr'><strong>Par.</strong></span> <span class='ocrx_word' id='word_1_153' title='bbox 1024 2399 1051 2431; x_wconf 85' lang='lat' dir='ltr'><strong>a.</strong></span> <span class='ocrx_word' id='word_1_154' title='bbox 1061 2378 1277 2434; x_wconf 80' lang='lat' dir='ltr'><strong>b.d.cont.Not.</strong></span> <span class='ocrx_word' id='word_1_155' title='bbox 1287 2380 1320 2433; x_wconf 74' lang='lat' dir='ltr'><strong>ed</strong></span> <span class='ocrx_word' id='word_1_156' title='bbox 1335 2381 1417 2447; x_wconf 85' lang='lat'><strong>111,8,</strong></span> 
     </span>
     <span class='ocr_line' id='line_1_18' title="bbox 349 2453 1418 2529; baseline 0.006 -24"><span class='ocrx_word' id='word_1_157' title='bbox 349 2466 424 2506; x_wconf 88' lang='lat' dir='ltr'><strong>recte.</strong></span> <span class='ocrx_word' id='word_1_158' title='bbox 432 2454 484 2508; x_wconf 85' lang='lat' dir='ltr'><strong>Sed</strong></span> <span class='ocrx_word' id='word_1_159' title='bbox 494 2455 609 2509; x_wconf 87' lang='lat' dir='ltr'><strong>nondum</strong></span> <span class='ocrx_word' id='word_1_160' title='bbox 619 2454 752 2529; x_wconf 82' lang='lat' dir='ltr'><strong>pervideo,</strong></span> <span class='ocrx_word' id='word_1_161' title='bbox 765 2453 807 2507; x_wconf 83' lang='lat' dir='ltr'><strong>cui</strong></span> <span class='ocrx_word' id='word_1_162' title='bbox 815 2454 862 2507; x_wconf 91' lang='lat' dir='ltr'><strong>bo·</strong></span> <span class='ocrx_word' id='word_1_163' title='bbox 909 2457 934 2510; x_wconf 81' lang='lat'><strong>6.</strong></span> <span class='ocrx_word' id='word_1_164' title='bbox 947 2456 1123 2512; x_wconf 51' lang='lat' dir='ltr'><strong>Scia-Non</strong></span> <span class='ocrx_word' id='word_1_165' title='bbox 1134 2469 1188 2511; x_wconf 81' lang='lat' dir='ltr'><strong>toto</strong></span> <span class='ocrx_word' id='word_1_166' title='bbox 1197 2474 1279 2522; x_wconf 56' lang='grc' dir='ltr'><strong>σπη’</strong></span> <span class='ocrx_word' id='word_1_167' title='bbox 1294 2459 1380 2513; x_wconf 70' lang='lat' dir='ltr'><strong>ttottv</strong></span> <span class='ocrx_word' id='word_1_168' title='bbox 1392 2458 1418 2511; x_wconf 81' lang='lat' dir='ltr'><strong>iu</strong></span> 
     </span>
     <span class='ocr_line' id='line_1_19' title="bbox 349 2532 1307 2605; baseline 0.003 -20"><span class='ocrx_word' id='word_1_169' title='bbox 349 2554 384 2585; x_wconf 89' lang='lat' dir='ltr'><strong>uo</strong></span> <span class='ocrx_word' id='word_1_170' title='bbox 403 2532 458 2587; x_wconf 71' lang='lat' dir='ltr'><strong>bec</strong></span> <span class='ocrx_word' id='word_1_171' title='bbox 476 2553 491 2585; x_wconf 86' lang='grc' dir='ltr'><strong>ιι</strong></span> <span class='ocrx_word' id='word_1_172' title='bbox 511 2533 606 2586; x_wconf 72' lang='lat' dir='ltr'><strong>Seneca</strong></span> <span class='ocrx_word' id='word_1_173' title='bbox 623 2532 735 2605; x_wconf 77' lang='lat' dir='ltr'><strong>apposita</strong></span> <span class='ocrx_word' id='word_1_174' title='bbox 756 2532 824 2585; x_wconf 85' lang='lat' dir='ltr'><strong>sint:</strong></span> <span class='ocrx_word' id='word_1_175' title='bbox 837 2544 862 2585; x_wconf 90' lang='lat' dir='ltr'><strong>et</strong></span> <span class='ocrx_word' id='word_1_176' title='bbox 910 2536 1001 2591; x_wconf 83' lang='lat' dir='ltr'><strong>Grteco</strong></span> <span class='ocrx_word' id='word_1_177' title='bbox 1010 2536 1087 2591; x_wconf 83' lang='lat' dir='ltr'><strong>fnisse</strong></span> <span class='ocrx_word' id='word_1_178' title='bbox 1098 2536 1307 2591; x_wconf 64' lang='lat' dir='ltr'><strong>videtum.</strong></span> 
     </span>
     <span class='ocr_line' id='line_1_20' title="bbox 349 2609 1420 2687; baseline 0.002 -24"><span class='ocrx_word' id='word_1_179' title='bbox 349 2609 424 2683; x_wconf 79' lang='lat' dir='ltr'><strong>piune</strong></span> <span class='ocrx_word' id='word_1_180' title='bbox 438 2610 518 2663; x_wconf 78' lang='lat' dir='ltr'><strong>otiosa</strong></span> <span class='ocrx_word' id='word_1_181' title='bbox 537 2612 647 2665; x_wconf 82' lang='lat' dir='ltr'><strong>suntin</strong></span> <span class='ocrx_word' id='word_1_182' title='bbox 667 2611 706 2663; x_wconf 89' lang='lat' dir='ltr'><strong>ed.</strong></span> <span class='ocrx_word' id='word_1_183' title='bbox 723 2612 824 2664; x_wconf 73' lang='lat' dir='ltr'><strong>Erssm.</strong></span> <span class='ocrx_word' id='word_1_184' title='bbox 837 2625 862 2663; x_wconf 90' lang='lat' dir='ltr'><strong>et</strong></span> <span class='ocrx_word' id='word_1_185' title='bbox 943 2614 967 2668; x_wconf 81' lang='lat'><strong>3.</strong></span> <span class='ocrx_word' id='word_1_186' title='bbox 983 2616 1173 2669; x_wconf 78' lang='lat' dir='ltr'><strong>Metrodorum.</strong></span> <span class='ocrx_word' id='word_1_187' title='bbox 1181 2613 1420 2687; x_wconf 70' lang='lat' dir='ltr'><strong>Dediscipuiislipi·</strong></span> 
     </span>
     <span class='ocr_line' id='line_1_21' title="bbox 348 2686 1419 2765; baseline 0.004 -25"><span class='ocrx_word' id='word_1_188' title='bbox 348 2690 428 2743; x_wconf 84' lang='lat' dir='ltr'><strong>veteri</strong></span> <span class='ocrx_word' id='word_1_189' title='bbox 450 2688 562 2742; x_wconf 77' lang='lat' dir='ltr'><strong>editione</strong></span> <span class='ocrx_word' id='word_1_190' title='bbox 582 2686 707 2743; x_wconf 77' lang='lat' dir='ltr'><strong>babetur:</strong></span> <span class='ocrx_word' id='word_1_191' title='bbox 720 2688 817 2741; x_wconf 77' lang='lat' dir='ltr'><strong>carim</strong></span> <span class='ocrx_word' id='word_1_192' title='bbox 828 2690 861 2741; x_wconf 83' lang='lat' dir='ltr'><strong>de</strong></span> <span class='ocrx_word' id='word_1_193' title='bbox 908 2692 964 2745; x_wconf 85' lang='lat' dir='ltr'><strong>curi</strong></span> <span class='ocrx_word' id='word_1_194' title='bbox 974 2692 1123 2745; x_wconf 79' lang='lat' dir='ltr'><strong>Metrodoro</strong></span> <span class='ocrx_word' id='word_1_195' title='bbox 1142 2705 1167 2745; x_wconf 91' lang='lat' dir='ltr'><strong>et</strong></span> <span class='ocrx_word' id='word_1_196' title='bbox 1179 2692 1305 2765; x_wconf 70' lang='lat' dir='ltr'><strong>Polym</strong></span> <span class='ocrx_word' id='word_1_197' title='bbox 1319 2694 1354 2745; x_wconf 78' lang='lat' dir='ltr'><strong>ci.</strong></span> <span class='ocrx_word' id='word_1_198' title='bbox 1364 2693 1419 2745; x_wconf 67' lang='lat'><strong>1³·-</strong></span> 
     </span>
     <span class='ocr_line' id='line_1_22' title="bbox 348 2765 1418 2843; baseline 0.005 -25"><span class='ocrx_word' id='word_1_199' title='bbox 348 2765 522 2837; x_wconf 65' lang='lat' dir='ltr'><strong>Mugisimtu.</strong></span> <span class='ocrx_word' id='word_1_200' title='bbox 531 2766 559 2819; x_wconf 87' lang='lat' dir='ltr'><strong>Si</strong></span> <span class='ocrx_word' id='word_1_201' title='bbox 566 2766 688 2841; x_wconf 81' lang='lat' dir='ltr'><strong>Epicurus</strong></span> <span class='ocrx_word' id='word_1_202' title='bbox 695 2766 723 2819; x_wconf 90' lang='lat' dir='ltr'><strong>iu</strong></span> <span class='ocrx_word' id='word_1_203' title='bbox 732 2766 807 2820; x_wconf 89' lang='lat' dir='ltr'><strong>horto</strong></span> <span class='ocrx_word' id='word_1_204' title='bbox 814 2786 860 2819; x_wconf 84' lang='lat' dir='ltr'><strong>suo</strong></span> <span class='ocrx_word' id='word_1_205' title='bbox 909 2769 972 2827; x_wconf 83' lang='lat' dir='ltr'><strong>bric.</strong></span> <span class='ocrx_word' id='word_1_206' title='bbox 992 2768 1062 2823; x_wconf 85' lang='lat' dir='ltr'><strong>Bibl.</strong></span> <span class='ocrx_word' id='word_1_207' title='bbox 1079 2769 1161 2823; x_wconf 62' lang='lat' dir='ltr'><strong>Grac.</strong></span> <span class='ocrx_word' id='word_1_208' title='bbox 1179 2770 1239 2825; x_wconf 78' lang='lat' dir='ltr'><strong>vot</strong></span> <span class='ocrx_word' id='word_1_209' title='bbox 1252 2769 1307 2834; x_wconf 88' lang='lat'><strong>111,</strong></span> <span class='ocrx_word' id='word_1_210' title='bbox 1323 2789 1350 2843; x_wconf 77' lang='lat' dir='ltr'><strong>p.</strong></span> <span class='ocrx_word' id='word_1_211' title='bbox 1361 2768 1418 2839; x_wconf 73' lang='lat'><strong>607,</strong></span> 
     </span>
     <span class='ocr_line' id='line_1_23' title="bbox 349 2842 1196 2919; baseline 0.001 -20"><span class='ocrx_word' id='word_1_212' title='bbox 349 2844 543 2918; x_wconf 75' lang='lat' dir='ltr'><strong>Rempublicam</strong></span> <span class='ocrx_word' id='word_1_213' title='bbox 561 2857 635 2915; x_wconf 82' lang='lat' dir='ltr'><strong>atque</strong></span> <span class='ocrx_word' id='word_1_214' title='bbox 651 2842 710 2899; x_wconf 81' lang='lat' dir='ltr'><strong>ideo</strong></span> <span class='ocrx_word' id='word_1_215' title='bbox 722 2845 861 2917; x_wconf 77' lang='lat' dir='ltr'><strong>magistrt-</strong></span> <span class='ocrx_word' id='word_1_216' title='bbox 910 2847 960 2919; x_wconf 77' lang='lat'><strong>609</strong></span> <span class='ocrx_word' id='word_1_217' title='bbox 970 2847 1009 2901; x_wconf 91' lang='lat' dir='ltr'><strong>ed.</strong></span> <span class='ocrx_word' id='word_1_218' title='bbox 1021 2848 1095 2903; x_wconf 77' lang='lat' dir='ltr'><strong>Harl.</strong></span> <span class='ocrx_word' id='word_1_219' title='bbox 1104 2846 1196 2901; x_wconf 67' lang='lat' dir='ltr'><strong>Ruth.</strong></span> 
     </span>
     <span class='ocr_line' id='line_1_24' title="bbox 349 2922 1421 2997; baseline 0.001 -22"><span class='ocrx_word' id='word_1_220' title='bbox 349 2934 404 2975; x_wconf 85' lang='lat' dir='ltr'><strong>tum</strong></span> <span class='ocrx_word' id='word_1_221' title='bbox 414 2922 556 2989; x_wconf 72' lang='lat' dir='ltr'><strong>habuisset,</strong></span> <span class='ocrx_word' id='word_1_222' title='bbox 576 2922 658 2997; x_wconf 74' lang='lat' dir='ltr'><strong>jocose</strong></span> <span class='ocrx_word' id='word_1_223' title='bbox 672 2922 728 2979; x_wconf 65' lang='lat' dir='ltr'><strong>bec</strong></span> <span class='ocrx_word' id='word_1_224' title='bbox 737 2944 752 2975; x_wconf 85' lang='grc' dir='ltr'><strong>ιι</strong></span> <span class='ocrx_word' id='word_1_225' title='bbox 764 2922 860 2977; x_wconf 72' lang='lat' dir='ltr'><strong>Seneca</strong></span> <span class='ocrx_word' id='word_1_226' title='bbox 944 2929 969 2995; x_wconf 70' lang='lat'><strong>4.</strong></span> <span class='ocrx_word' id='word_1_227' title='bbox 985 2926 1046 2981; x_wconf 84' lang='lat' dir='ltr'><strong>Hoc</strong></span> <span class='ocrx_word' id='word_1_228' title='bbox 1060 2937 1089 2979; x_wconf 86' lang='lat' dir='ltr'><strong>tu</strong></span> <span class='ocrx_word' id='word_1_229' title='bbox 1105 2930 1133 2980; x_wconf 86' lang='lat' dir='ltr'><strong>in</strong></span> <span class='ocrx_word' id='word_1_230' title='bbox 1147 2930 1225 2982; x_wconf 72' lang='lat' dir='ltr'><strong>victu.</strong></span> <span class='ocrx_word' id='word_1_231' title='bbox 1240 2923 1329 2979; x_wconf 79' lang='lat' dir='ltr'><strong>Rubh.</strong></span> <span class='ocrx_word' id='word_1_232' title='bbox 1344 2923 1421 2978; x_wconf 74' lang='lat' dir='ltr'><strong>hebet</strong></span> 
     </span>
     <span class='ocr_line' id='line_1_25' title="bbox 349 2998 1136 3073; baseline 0.001 -19"><span class='ocrx_word' id='word_1_233' title='bbox 349 3000 446 3073; x_wconf 72' lang='lat' dir='ltr'><strong>adjecta</strong></span> <span class='ocrx_word' id='word_1_234' title='bbox 455 3020 506 3053; x_wconf 86' lang='lat' dir='ltr'><strong>esse</strong></span> <span class='ocrx_word' id='word_1_235' title='bbox 513 3012 673 3073; x_wconf 64' lang='lat' dir='ltr'><strong>putarem-</strong></span> <span class='ocrx_word' id='word_1_236' title='bbox 683 2998 796 3053; x_wconf 76' lang='lat' dir='ltr'><strong>Charino</strong></span> <span class='ocrx_word' id='word_1_237' title='bbox 802 3020 861 3066; x_wconf 81' lang='lat' dir='ltr'><strong>ma·</strong></span> <span class='ocrx_word' id='word_1_238' title='bbox 910 3004 946 3057; x_wconf 84' lang='lat' dir='ltr'><strong>In</strong></span> <span class='ocrx_word' id='word_1_239' title='bbox 960 3004 1005 3059; x_wconf 82' lang='lat' dir='ltr'><strong>boc</strong></span> <span class='ocrx_word' id='word_1_240' title='bbox 1015 3014 1045 3062; x_wconf 81' lang='lat' dir='ltr'><strong>tu</strong></span> <span class='ocrx_word' id='word_1_241' title='bbox 1055 3007 1136 3057; x_wconf 83' lang='lat' dir='ltr'><strong>victu.</strong></span> 
     </span>
     <span class='ocr_line' id='line_1_26' title="bbox 346 3073 1421 3151; baseline 0.001 -20"><span class='ocrx_word' id='word_1_242' title='bbox 346 3082 470 3151; x_wconf 63' lang='lat' dir='ltr'><strong>gistrum.</strong></span> <span class='ocrx_word' id='word_1_243' title='bbox 479 3078 507 3131; x_wconf 89' lang='lat' dir='ltr'><strong>Si</strong></span> <span class='ocrx_word' id='word_1_244' title='bbox 515 3079 569 3132; x_wconf 78' lang='lat' dir='ltr'><strong>haee</strong></span> <span class='ocrx_word' id='word_1_245' title='bbox 578 3078 652 3133; x_wconf 85' lang='lat' dir='ltr'><strong>lertio</strong></span> <span class='ocrx_word' id='word_1_246' title='bbox 664 3097 724 3133; x_wconf 76' lang='lat' dir='ltr'><strong>seua</strong></span> <span class='ocrx_word' id='word_1_247' title='bbox 732 3092 782 3143; x_wconf 87' lang='lat' dir='ltr'><strong>est,</strong></span> <span class='ocrx_word' id='word_1_248' title='bbox 793 3092 861 3135; x_wconf 79' lang='lat' dir='ltr'><strong>rectu</strong></span> <span class='ocrx_word' id='word_1_249' title='bbox 935 3073 966 3135; x_wconf 70' lang='lat' dir='ltr'><strong>b.</strong></span> <span class='ocrx_word' id='word_1_250' title='bbox 982 3081 1158 3135; x_wconf 73' lang='lat' dir='ltr'><strong>Soutritatem</strong></span> <span class='ocrx_word' id='word_1_251' title='bbox 1174 3088 1256 3149; x_wconf 79' lang='lat' dir='ltr'><strong>putas</strong></span> <span class='ocrx_word' id='word_1_252' title='bbox 1266 3080 1350 3137; x_wconf 83' lang='lat' dir='ltr'><strong>esse?</strong></span> <span class='ocrx_word' id='word_1_253' title='bbox 1362 3080 1421 3134; x_wconf 82' lang='lat' dir='ltr'><strong>Non</strong></span> 
     </span>
     <span class='ocr_line' id='line_1_27' title="bbox 349 3157 1421 3237; baseline -0.001 -27"><span class='ocrx_word' id='word_1_254' title='bbox 349 3157 455 3231; x_wconf 79' lang='lat' dir='ltr'><strong>explicat</strong></span> <span class='ocrx_word' id='word_1_255' title='bbox 477 3158 592 3211; x_wconf 84' lang='lat' dir='ltr'><strong>Muretus</strong></span> <span class='ocrx_word' id='word_1_256' title='bbox 614 3174 622 3211; x_wconf 76' lang='lat' dir='ltr'><strong>t</strong></span> <span class='ocrx_word' id='word_1_257' title='bbox 646 3180 659 3206; x_wconf 80' lang='grc' dir='ltr'><strong>ιι</strong></span> <span class='ocrx_word' id='word_1_258' title='bbox 676 3158 749 3213; x_wconf 83' lang='lat' dir='ltr'><strong>More</strong></span> <span class='ocrx_word' id='word_1_259' title='bbox 776 3178 861 3237; x_wconf 66' lang='lat' dir='ltr'><strong>greco</strong></span> <span class='ocrx_word' id='word_1_260' title='bbox 906 3170 988 3230; x_wconf 82' lang='lat' dir='ltr'><strong>putas</strong></span> <span class='ocrx_word' id='word_1_261' title='bbox 1008 3177 1064 3212; x_wconf 81' lang='lat' dir='ltr'><strong>esse</strong></span> <span class='ocrx_word' id='word_1_262' title='bbox 1085 3170 1202 3229; x_wconf 67' lang='lat' dir='ltr'><strong>presunt</strong></span> <span class='ocrx_word' id='word_1_263' title='bbox 1218 3157 1294 3211; x_wconf 80' lang='lat' dir='ltr'><strong>multi</strong></span> <span class='ocrx_word' id='word_1_264' title='bbox 1311 3158 1421 3211; x_wconf 81' lang='lat' dir='ltr'><strong>coddet</strong></span> 
     </span>
     <span class='ocr_line' id='line_1_28' title="bbox 349 3232 1422 3307; baseline -0.003 -18"><span class='ocrx_word' id='word_1_265' title='bbox 349 3238 453 3307; x_wconf 72' lang='grc' dir='ltr'>Χαρίνου</span> <span class='ocrx_word' id='word_1_266' title='bbox 464 3237 586 3305; x_wconf 72' lang='grc' dir='ltr'>ἄρχοντος.</span> <span class='ocrx_word' id='word_1_267' title='bbox 596 3236 634 3288; x_wconf 80' lang='lat' dir='ltr'><strong>Ita</strong></span> <span class='ocrx_word' id='word_1_268' title='bbox 646 3235 715 3288; x_wconf 89' lang='lat' dir='ltr'><strong>enim</strong></span> <span class='ocrx_word' id='word_1_269' title='bbox 727 3256 824 3289; x_wconf 75' lang='lat' dir='ltr'><strong>annum</strong></span> <span class='ocrx_word' id='word_1_270' title='bbox 836 3248 861 3289; x_wconf 85' lang='lat' dir='ltr'><strong>et</strong></span> <span class='ocrx_word' id='word_1_271' title='bbox 911 3255 998 3289; x_wconf 85' lang='lat' dir='ltr'><strong>omnes</strong></span> <span class='ocrx_word' id='word_1_272' title='bbox 1012 3236 1070 3289; x_wconf 87' lang='lat' dir='ltr'><strong>edd.</strong></span> <span class='ocrx_word' id='word_1_273' title='bbox 1082 3234 1134 3289; x_wconf 83' lang='lat' dir='ltr'><strong>Sed</strong></span> <span class='ocrx_word' id='word_1_274' title='bbox 1147 3252 1235 3287; x_wconf 80' lang='lat' dir='ltr'><strong>omues</strong></span> <span class='ocrx_word' id='word_1_275' title='bbox 1247 3232 1353 3289; x_wconf 76' lang='lat' dir='ltr'><strong>Gruteri</strong></span> <span class='ocrx_word' id='word_1_276' title='bbox 1366 3254 1422 3287; x_wconf 77' lang='lat' dir='ltr'><strong>etim</strong></span> 
     </span>
    </p>

    <p class='ocr_par' dir='ltr' id='par_1_7' title="bbox 121 3308 1427 3780">
     <span class='ocr_line' id='line_1_29' title="bbox 121 3308 1422 3389; baseline 0.001 -23"><span class='ocrx_word' id='word_1_277' title='bbox 121 3355 125 3366; x_wconf 95' lang='lat'><em>.</em></span> <span class='ocrx_word' id='word_1_278' title='bbox 242 3308 252 3327; x_wconf 82' lang='lat'><strong><em>¹</em></strong></span> <span class='ocrx_word' id='word_1_279' title='bbox 349 3326 448 3385; x_wconf 84' lang='lat' dir='ltr'><strong>ternpus</strong></span> <span class='ocrx_word' id='word_1_280' title='bbox 458 3312 497 3366; x_wconf 87' lang='lat' dir='ltr'><strong>ilii</strong></span> <span class='ocrx_word' id='word_1_281' title='bbox 507 3313 684 3381; x_wconf 74' lang='lat' dir='ltr'><strong>notabant,nt</strong></span> <span class='ocrx_word' id='word_1_282' title='bbox 694 3312 806 3367; x_wconf 78' lang='lat' dir='ltr'><strong>Romsni</strong></span> <span class='ocrx_word' id='word_1_283' title='bbox 817 3334 861 3389; x_wconf 88' lang='lat' dir='ltr'><strong>per</strong></span> <span class='ocrx_word' id='word_1_284' title='bbox 911 3312 965 3372; x_wconf 81' lang='lat' dir='ltr'><strong>Eri.</strong></span> <span class='ocrx_word' id='word_1_285' title='bbox 978 3329 1002 3369; x_wconf 90' lang='lat' dir='ltr'><strong>et</strong></span> <span class='ocrx_word' id='word_1_286' title='bbox 1012 3314 1100 3369; x_wconf 82' lang='lat' dir='ltr'><strong>Heius.</strong></span> <span class='ocrx_word' id='word_1_287' title='bbox 1112 3325 1137 3367; x_wconf 79' lang='lat' dir='ltr'><strong>et</strong></span> <span class='ocrx_word' id='word_1_288' title='bbox 1150 3312 1266 3367; x_wconf 84' lang='lat' dir='ltr'><strong>Gronov.</strong></span> <span class='ocrx_word' id='word_1_289' title='bbox 1277 3326 1367 3367; x_wconf 71' lang='lat' dir='ltr'><strong>urent</strong></span> <span class='ocrx_word' id='word_1_290' title='bbox 1377 3333 1422 3366; x_wconf 84' lang='lat' dir='ltr'><strong>ne-</strong></span> 
     </span>
     <span class='ocr_line' id='line_1_30' title="bbox 352 3388 1424 3469; baseline -0.002 -22"><span class='ocrx_word' id='word_1_291' title='bbox 352 3392 511 3447; x_wconf 81' lang='lat' dir='ltr'><strong>Consules.»</strong></span> <span class='ocrx_word' id='word_1_292' title='bbox 525 3388 672 3446; x_wconf 74' lang='lat' dir='ltr'><strong>‘Enimvero</strong></span> <span class='ocrx_word' id='word_1_293' title='bbox 692 3392 724 3446; x_wconf 87' lang='lat' dir='ltr'><strong>de</strong></span> <span class='ocrx_word' id='word_1_294' title='bbox 742 3392 788 3446; x_wconf 90' lang='lat' dir='ltr'><strong>illo</strong></span> <span class='ocrx_word' id='word_1_295' title='bbox 807 3395 861 3445; x_wconf 77' lang='lat' dir='ltr'><strong>Ar-</strong></span> <span class='ocrx_word' id='word_1_296' title='bbox 911 3394 990 3469; x_wconf 72' lang='lat' dir='ltr'><strong>gandi</strong></span> <span class='ocrx_word' id='word_1_297' title='bbox 1000 3392 1130 3467; x_wconf 76' lang='lat' dir='ltr'><strong>particula.</strong></span> <span class='ocrx_word' id='word_1_298' title='bbox 1142 3392 1222 3465; x_wconf 84' lang='lat' dir='ltr'><strong>quue</strong></span> <span class='ocrx_word' id='word_1_299' title='bbox 1229 3390 1313 3445; x_wconf 82' lang='lat' dir='ltr'><strong>multo</strong></span> <span class='ocrx_word' id='word_1_300' title='bbox 1320 3392 1424 3464; x_wconf 76' lang='lat' dir='ltr'><strong>elegun-</strong></span> 
     </span>
     <span class='ocr_line' id='line_1_31' title="bbox 349 3470 1424 3548; baseline -0.004 -21"><span class='ocrx_word' id='word_1_301' title='bbox 349 3474 442 3527; x_wconf 88' lang='lat' dir='ltr'><strong>chonte</strong></span> <span class='ocrx_word' id='word_1_302' title='bbox 452 3473 526 3546; x_wconf 84' lang='lat' dir='ltr'><strong>hujus</strong></span> <span class='ocrx_word' id='word_1_303' title='bbox 534 3472 652 3548; x_wconf 86' lang='lat' dir='ltr'><strong>temporis</strong></span> <span class='ocrx_word' id='word_1_304' title='bbox 659 3472 734 3527; x_wconf 85' lang='lat' dir='ltr'><strong>silent</strong></span> <span class='ocrx_word' id='word_1_305' title='bbox 741 3471 862 3528; x_wconf 77' lang='lat' dir='ltr'><strong>Annales.</strong></span> <span class='ocrx_word' id='word_1_306' title='bbox 911 3471 969 3527; x_wconf 86' lang='lat' dir='ltr'><strong>tius.</strong></span> <span class='ocrx_word' id='word_1_307' title='bbox 977 3473 1013 3524; x_wconf 86' lang='lat' dir='ltr'><strong>Ut</strong></span> <span class='ocrx_word' id='word_1_308' title='bbox 1022 3471 1160 3541; x_wconf 82' lang='lat' dir='ltr'><strong>plurimum</strong></span> <span class='ocrx_word' id='word_1_309' title='bbox 1173 3470 1299 3524; x_wconf 75' lang='lat' dir='ltr'><strong>concedas</strong></span> <span class='ocrx_word' id='word_1_310' title='bbox 1308 3507 1318 3535; x_wconf 90' lang='lat'><strong>,</strong></span> <span class='ocrx_word' id='word_1_311' title='bbox 1328 3470 1424 3542; x_wconf 82' lang='lat' dir='ltr'><strong>inquit,</strong></span> 
     </span>
     <span class='ocr_line' id='line_1_32' title="bbox 350 3548 1424 3624; baseline -0.003 -20"><span class='ocrx_word' id='word_1_312' title='bbox 350 3550 391 3605; x_wconf 81' lang='lat' dir='ltr'><strong>Cf.</strong></span> <span class='ocrx_word' id='word_1_313' title='bbox 407 3552 474 3605; x_wconf 82' lang='lat' dir='ltr'><strong>Lect.</strong></span> <span class='ocrx_word' id='word_1_314' title='bbox 485 3569 537 3603; x_wconf 79' lang='grc' dir='ltr'>ιιι.</span> <span class='ocrx_word' id='word_1_315' title='bbox 550 3550 687 3623; x_wconf 71' lang='lat' dir='ltr'><strong>Sequentia</strong></span> <span class='ocrx_word' id='word_1_316' title='bbox 703 3550 807 3622; x_wconf 82' lang='lat' dir='ltr'><strong>quidem</strong></span> <span class='ocrx_word' id='word_1_317' title='bbox 821 3571 861 3624; x_wconf 73' lang='lat' dir='ltr'><strong>ap.</strong></span> <span class='ocrx_word' id='word_1_318' title='bbox 912 3550 982 3605; x_wconf 74' lang='lat' dir='ltr'><strong>dabis</strong></span> <span class='ocrx_word' id='word_1_319' title='bbox 994 3551 1079 3603; x_wconf 72' lang='lat' dir='ltr'><strong>forsan</strong></span> <span class='ocrx_word' id='word_1_320' title='bbox 1088 3549 1138 3603; x_wconf 84' lang='lat' dir='ltr'><strong>boe</strong></span> <span class='ocrx_word' id='word_1_321' title='bbox 1148 3548 1231 3612; x_wconf 85' lang='lat' dir='ltr'><strong>victu,</strong></span> <span class='ocrx_word' id='word_1_322' title='bbox 1243 3562 1268 3601; x_wconf 87' lang='lat' dir='ltr'><strong>et</strong></span> <span class='ocrx_word' id='word_1_323' title='bbox 1278 3549 1349 3603; x_wconf 81' lang='lat' dir='ltr'><strong>nihil</strong></span> <span class='ocrx_word' id='word_1_324' title='bbox 1359 3549 1424 3601; x_wconf 80' lang='lat' dir='ltr'><strong>ultn</strong></span> 
     </span>
     <span class='ocr_line' id='line_1_33' title="bbox 349 3627 1427 3703; baseline -0.001 -21"><span class='ocrx_word' id='word_1_325' title='bbox 349 3628 496 3703; x_wconf 75' lang='lat' dir='ltr'><strong>Diogenem</strong></span> <span class='ocrx_word' id='word_1_326' title='bbox 504 3628 585 3679; x_wconf 80' lang='lat' dir='ltr'><strong>baert.</strong></span> <span class='ocrx_word' id='word_1_327' title='bbox 596 3627 704 3680; x_wconf 65' lang='lat' dir='ltr'><strong>telmon</strong></span> <span class='ocrx_word' id='word_1_328' title='bbox 712 3640 860 3682; x_wconf 83' lang='lat' dir='ltr'><strong>occurrunt:</strong></span> <span class='ocrx_word' id='word_1_329' title='bbox 911 3650 984 3703; x_wconf 87' lang='lat' dir='ltr'><strong>posse</strong></span> <span class='ocrx_word' id='word_1_330' title='bbox 993 3632 1089 3683; x_wconf 74' lang='lat' dir='ltr'><strong>samem</strong></span> <span class='ocrx_word' id='word_1_331' title='bbox 1098 3628 1180 3703; x_wconf 82' lang='lat' dir='ltr'><strong>peiii?</strong></span> <span class='ocrx_word' id='word_1_332' title='bbox 1190 3628 1273 3699; x_wconf 83' lang='lat' dir='ltr'><strong>Atqui</strong></span> <span class='ocrx_word' id='word_1_333' title='bbox 1283 3631 1349 3682; x_wconf 80' lang='lat' dir='ltr'><strong>scito</strong></span> <span class='ocrx_word' id='word_1_334' title='bbox 1358 3666 1367 3694; x_wconf 95' lang='lat'><strong>,</strong></span> <span class='ocrx_word' id='word_1_335' title='bbox 1375 3647 1427 3681; x_wconf 85' lang='lat' dir='ltr'><strong>nott</strong></span> 
     </span>
     <span class='ocr_line' id='line_1_34' title="bbox 348 3704 1425 3780; baseline -0.003 -21"><span class='ocrx_word' id='word_1_336' title='bbox 348 3706 442 3761; x_wconf 60' lang='lat' dir='ltr'><strong>similit</strong></span> <span class='ocrx_word' id='word_1_337' title='bbox 463 3718 548 3758; x_wconf 79' lang='lat' dir='ltr'><strong>tamen</strong></span> <span class='ocrx_word' id='word_1_338' title='bbox 567 3704 599 3759; x_wconf 86' lang='lat' dir='ltr'><strong>de</strong></span> <span class='ocrx_word' id='word_1_339' title='bbox 618 3705 774 3757; x_wconf 78' lang='lat' dir='ltr'><strong>continentis</strong></span> <span class='ocrx_word' id='word_1_340' title='bbox 796 3704 861 3779; x_wconf 81' lang='lat' dir='ltr'><strong>Epi·</strong></span> <span class='ocrx_word' id='word_1_341' title='bbox 911 3706 971 3778; x_wconf 82' lang='lat' dir='ltr'><strong>peili</strong></span> <span class='ocrx_word' id='word_1_342' title='bbox 989 3719 1087 3761; x_wconf 80' lang='lat' dir='ltr'><strong>tantum</strong></span> <span class='ocrx_word' id='word_1_343' title='bbox 1106 3726 1192 3780; x_wconf 86' lang='lat' dir='ltr'><strong>posse,</strong></span> <span class='ocrx_word' id='word_1_344' title='bbox 1210 3706 1254 3759; x_wconf 76' lang='lat' dir='ltr'><strong>sed</strong></span> <span class='ocrx_word' id='word_1_345' title='bbox 1270 3720 1297 3759; x_wconf 88' lang='lat' dir='ltr'><strong>ct</strong></span> <span class='ocrx_word' id='word_1_346' title='bbox 1312 3704 1425 3779; x_wconf 79' lang='lat' dir='ltr'><strong>jucunde</strong></span> 
     </span>
    </p>

    <p class='ocr_par' dir='ltr' id='par_1_8' title="bbox 307 3781 1429 4246">
     <span class='ocr_line' id='line_1_35' title="bbox 307 3781 1149 3858; baseline -0.002 -19"><span class='ocrx_word' id='word_1_347' title='bbox 307 3818 309 3821; x_wconf 95' lang='lat'>·</span> <span class='ocrx_word' id='word_1_348' title='bbox 349 3785 412 3839; x_wconf 84' lang='lat' dir='ltr'><strong>curi.</strong></span> <span class='ocrx_word' id='word_1_349' title='bbox 424 3784 462 3835; x_wconf 83' lang='lat' dir='ltr'><strong>Ci.</strong></span> <span class='ocrx_word' id='word_1_350' title='bbox 474 3783 553 3856; x_wconf 76' lang='lat' dir='ltr'><strong>Diog.</strong></span> <span class='ocrx_word' id='word_1_351' title='bbox 564 3784 644 3834; x_wconf 80' lang='lat' dir='ltr'><strong>baert.</strong></span> <span class='ocrx_word' id='word_1_352' title='bbox 656 3782 694 3850; x_wconf 83' lang='lat' dir='ltr'><strong>X,</strong></span> <span class='ocrx_word' id='word_1_353' title='bbox 709 3799 734 3834; x_wconf 91' lang='grc' dir='ltr'><strong>ιι</strong></span> <span class='ocrx_word' id='word_1_354' title='bbox 749 3781 784 3834; x_wconf 91' lang='lat' dir='ltr'><strong>ib.</strong></span> <span class='ocrx_word' id='word_1_355' title='bbox 798 3782 862 3834; x_wconf 88' lang='lat' dir='ltr'><strong>Me·</strong></span> <span class='ocrx_word' id='word_1_356' title='bbox 910 3784 980 3858; x_wconf 85' lang='lat' dir='ltr'><strong>pelli.</strong></span> <span class='ocrx_word' id='word_1_357' title='bbox 995 3784 1149 3839; x_wconf 77' lang='lat' dir='ltr'><strong>Gronovius.</strong></span> 
     </span>
     <span class='ocr_line' id='line_1_36' title="bbox 351 3859 1427 3936; baseline 0.001 -22"><span class='ocrx_word' id='word_1_358' title='bbox 351 3882 410 3936; x_wconf 80' lang='lat' dir='ltr'><strong>nug.</strong></span> <span class='ocrx_word' id='word_1_359' title='bbox 427 3861 472 3933; x_wconf 90' lang='lat' dir='ltr'><strong>qui</strong></span> <span class='ocrx_word' id='word_1_360' title='bbox 493 3860 566 3933; x_wconf 78' lang='lat' dir='ltr'><strong>hujus</strong></span> <span class='ocrx_word' id='word_1_361' title='bbox 583 3860 633 3913; x_wconf 83' lang='lat' dir='ltr'><strong>loci</strong></span> <span class='ocrx_word' id='word_1_362' title='bbox 653 3880 705 3912; x_wconf 88' lang='lat' dir='ltr'><strong>non</strong></span> <span class='ocrx_word' id='word_1_363' title='bbox 727 3859 864 3912; x_wconf 81' lang='lat' dir='ltr'><strong>immernor</strong></span> <span class='ocrx_word' id='word_1_364' title='bbox 945 3861 969 3915; x_wconf 82' lang='grc'><strong>6.</strong></span> <span class='ocrx_word' id='word_1_365' title='bbox 986 3862 1141 3926; x_wconf 72' lang='lat' dir='ltr'><strong>Deduxitse</strong></span> <span class='ocrx_word' id='word_1_366' title='bbox 1159 3862 1251 3917; x_wconf 87' lang='lat' dir='ltr'><strong>dedere</strong></span> <span class='ocrx_word' id='word_1_367' title='bbox 1269 3881 1331 3915; x_wconf 78' lang='lat' dir='ltr'><strong>urst·</strong></span> <span class='ocrx_word' id='word_1_368' title='bbox 1346 3860 1427 3915; x_wconf 75' lang='lat' dir='ltr'><strong>nostri</strong></span> 
     </span>
     <span class='ocr_line' id='line_1_37' title="bbox 350 3936 1216 4012; baseline -0.002 -19"><span class='ocrx_word' id='word_1_369' title='bbox 350 3940 407 3993; x_wconf 82' lang='lat' dir='ltr'><strong>fuit.</strong></span> <span class='ocrx_word' id='word_1_370' title='bbox 418 3939 514 3993; x_wconf 71' lang='lat' dir='ltr'><strong>hadar</strong></span> <span class='ocrx_word' id='word_1_371' title='bbox 523 3938 619 4012; x_wconf 77' lang='lat' dir='ltr'><strong>Lipsius</strong></span> <span class='ocrx_word' id='word_1_372' title='bbox 630 3937 803 4011; x_wconf 85' lang='lat' dir='ltr'><strong>(Epicurum,</strong></span> <span class='ocrx_word' id='word_1_373' title='bbox 817 3936 864 3989; x_wconf 90' lang='lat' dir='ltr'><strong>di-</strong></span> <span class='ocrx_word' id='word_1_374' title='bbox 914 3960 967 4007; x_wconf 68' lang='lat' dir='ltr'><strong>nou</strong></span> <span class='ocrx_word' id='word_1_375' title='bbox 979 3943 1125 3993; x_wconf 72' lang='lat' dir='ltr'><strong>reduxisse.</strong></span> <span class='ocrx_word' id='word_1_376' title='bbox 1134 3938 1216 3995; x_wconf 57' lang='grc' dir='ltr'><strong>θεὸν).</strong></span> 
     </span>
     <span class='ocr_line' id='line_1_38' title="bbox 353 4012 1429 4087; baseline -0.001 -18"><span class='ocrx_word' id='word_1_377' title='bbox 353 4012 408 4082; x_wconf 66' lang='lat' dir='ltr'><strong>cepe</strong></span> <span class='ocrx_word' id='word_1_378' title='bbox 428 4016 573 4082; x_wconf 85' lang='lat' dir='ltr'><strong>debuisset)</strong></span> <span class='ocrx_word' id='word_1_379' title='bbox 603 4014 740 4069; x_wconf 81' lang='lat' dir='ltr'><strong>Eusebium</strong></span> <span class='ocrx_word' id='word_1_380' title='bbox 770 4013 865 4069; x_wconf 78' lang='lat' dir='ltr'><strong>Stobrei</strong></span> <span class='ocrx_word' id='word_1_381' title='bbox 933 4038 969 4087; x_wconf 65' lang='lat'><strong>¹7.</strong></span> <span class='ocrx_word' id='word_1_382' title='bbox 988 4015 1385 4082; x_wconf 73' lang='lat' dir='ltr'><strong>liberiora3uon1ibemiiom,</strong></span> <span class='ocrx_word' id='word_1_383' title='bbox 1400 4029 1429 4069; x_wconf 92' lang='lat' dir='ltr'><strong>ut</strong></span> 
     </span>
     <span class='ocr_line' id='line_1_39' title="bbox 354 4085 1363 4168; baseline -0.003 -19"><span class='ocrx_word' id='word_1_384' title='bbox 354 4085 645 4167; x_wconf 76' lang='lat' dir='ltr'><strong>Fictil.Sertn.XVlI,p,</strong></span> <span class='ocrx_word' id='word_1_385' title='bbox 653 4094 701 4161; x_wconf 70' lang='lat'><strong>345</strong></span> <span class='ocrx_word' id='word_1_386' title='bbox 710 4114 748 4165; x_wconf 86' lang='lat' dir='ltr'><strong>sq.</strong></span> <span class='ocrx_word' id='word_1_387' title='bbox 759 4093 863 4149; x_wconf 85' lang='lat' dir='ltr'><strong>Sebuw.</strong></span> <span class='ocrx_word' id='word_1_388' title='bbox 914 4096 993 4167; x_wconf 78' lang='lat' dir='ltr'><strong>uulgo</strong></span> <span class='ocrx_word' id='word_1_389' title='bbox 1006 4115 1036 4147; x_wconf 81' lang='lat' dir='ltr'><strong>ex</strong></span> <span class='ocrx_word' id='word_1_390' title='bbox 1047 4096 1142 4149; x_wconf 83' lang='lat' dir='ltr'><strong>Mureti</strong></span> <span class='ocrx_word' id='word_1_391' title='bbox 1153 4095 1268 4168; x_wconf 68' lang='lat' dir='ltr'><strong>ingenio.</strong></span> <span class='ocrx_word' id='word_1_392' title='bbox 1277 4094 1363 4150; x_wconf 62' lang='lat' dir='ltr'><strong>Scin.</strong></span> 
     </span>
     <span class='ocr_line' id='line_1_40' title="bbox 357 4172 1427 4246; baseline -0.006 -18"><span class='ocrx_word' id='word_1_393' title='bbox 357 4186 381 4239; x_wconf 72' lang='lat' dir='ltr'><strong>ct</strong></span> <span class='ocrx_word' id='word_1_394' title='bbox 394 4173 497 4227; x_wconf 85' lang='lat' dir='ltr'><strong>Seneete</strong></span> <span class='ocrx_word' id='word_1_395' title='bbox 510 4172 560 4246; x_wconf 78' lang='lat' dir='ltr'><strong>Ep.</strong></span> <span class='ocrx_word' id='word_1_396' title='bbox 571 4172 628 4226; x_wconf 85' lang='lat' dir='ltr'><strong>CX.</strong></span> <span class='ocrx_word' id='word_1_397' title='bbox 640 4172 731 4225; x_wconf 69' lang='lat' dir='ltr'><strong>Ruit.</strong></span> <span class='ocrx_word' id='word_1_398' title='bbox 948 4174 972 4226; x_wconf 89' lang='grc'><strong>8.</strong></span> <span class='ocrx_word' id='word_1_399' title='bbox 988 4173 1104 4227; x_wconf 81' lang='lat' dir='ltr'><strong>Decretis</strong></span> <span class='ocrx_word' id='word_1_400' title='bbox 1114 4174 1153 4227; x_wconf 86' lang='lat' dir='ltr'><strong>ed.</strong></span> <span class='ocrx_word' id='word_1_401' title='bbox 1164 4175 1199 4227; x_wconf 79' lang='lat' dir='ltr'><strong>lt.</strong></span> <span class='ocrx_word' id='word_1_402' title='bbox 1212 4192 1272 4225; x_wconf 84' lang='lat' dir='ltr'><strong>curn</strong></span> <span class='ocrx_word' id='word_1_403' title='bbox 1288 4191 1349 4225; x_wconf 79' lang='lat' dir='ltr'><strong>mss.</strong></span> <span class='ocrx_word' id='word_1_404' title='bbox 1361 4173 1427 4239; x_wconf 67' lang='lat' dir='ltr'><strong>Arg.</strong></span> 
     </span>
    </p>
   </div>
   <div class='ocr_carea' id='block_1_4' title="bbox 362 4248 1430 4325">
    <p class='ocr_par' dir='ltr' id='par_1_9' title="bbox 362 4248 1430 4325">
     <span class='ocr_line' id='line_1_41' title="bbox 362 4248 1430 4325; baseline -0.003 -20"><span class='ocrx_word' id='word_1_405' title='bbox 362 4248 366 4259; x_wconf 61' lang='lat'><strong>¹</strong></span> <span class='ocrx_word' id='word_1_406' title='bbox 390 4273 412 4305; x_wconf 77' lang='lat' dir='ltr'><strong>u.</strong></span> <span class='ocrx_word' id='word_1_407' title='bbox 429 4254 498 4307; x_wconf 83' lang='lat' dir='ltr'><strong>Asse</strong></span> <span class='ocrx_word' id='word_1_408' title='bbox 503 4256 585 4322; x_wconf 83' lang='lat' dir='ltr'><strong>posci.</strong></span> <span class='ocrx_word' id='word_1_409' title='bbox 591 4252 678 4325; x_wconf 74' lang='lat' dir='ltr'><strong>Vulgo</strong></span> <span class='ocrx_word' id='word_1_410' title='bbox 685 4256 868 4321; x_wconf 80' lang='lat' dir='ltr'><strong>ossesepusci:</strong></span> <span class='ocrx_word' id='word_1_411' title='bbox 915 4253 941 4306; x_wconf 84' lang='lat' dir='ltr'><strong>b.</strong></span> <span class='ocrx_word' id='word_1_412' title='bbox 951 4252 1049 4309; x_wconf 77' lang='lat' dir='ltr'><strong>Pom.</strong></span> <span class='ocrx_word' id='word_1_413' title='bbox 1060 4252 1085 4304; x_wconf 79' lang='lat' dir='ltr'><strong>b.</strong></span> <span class='ocrx_word' id='word_1_414' title='bbox 1095 4253 1123 4325; x_wconf 76' lang='lat' dir='ltr'><strong>d,</strong></span> <span class='ocrx_word' id='word_1_415' title='bbox 1133 4262 1158 4321; x_wconf 84' lang='lat' dir='ltr'><strong>et</strong></span> <span class='ocrx_word' id='word_1_416' title='bbox 1167 4249 1232 4304; x_wconf 76' lang='lat' dir='ltr'><strong>eliis.</strong></span> <span class='ocrx_word' id='word_1_417' title='bbox 1245 4249 1379 4305; x_wconf 61' lang='lat' dir='ltr'><strong>Detinetis</strong></span> <span class='ocrx_word' id='word_1_418' title='bbox 1391 4249 1430 4303; x_wconf 79' lang='lat' dir='ltr'><strong>ed.</strong></span> 
     </span>
    </p>
   </div>
   <div class='ocr_carea' id='block_1_5' title="bbox 0 0 1492 4992">
    <p class='ocr_par' dir='ltr' id='par_1_10' title="bbox 0 0 1492 4992">
     <span class='ocr_line' id='line_1_42' title="bbox 0 0 1492 4992; baseline 0 0"><span class='ocrx_word' id='word_1_419' title='bbox 0 0 1492 4992; x_wconf 95' lang='lat' dir='ltr'><strong> </strong></span> 
     </span>
    </p>
   </div>
  </div>
 </body>
</html>
