<?xml version="1.0" encoding="UTF-8"?>
<!DOCTYPE html PUBLIC "-//W3C//DTD XHTML 1.0 Transitional//EN"
    "http://www.w3.org/TR/xhtml1/DTD/xhtml1-transitional.dtd">
<html xmlns="http://www.w3.org/1999/xhtml" xml:lang="en" lang="en">
 <head>
  <title>
</title>
<meta http-equiv="Content-Type" content="text/html;charset=utf-8" />
  <meta name='ocr-system' content='tesseract 3.04.00' />
  <meta name='ocr-capabilities' content='ocr_page ocr_carea ocr_par ocr_line ocrx_word'/>
</head>
<body>
  <div class='ocr_page' id='page_1' title='image "./lannsenecparspr03bouigoog_0604.png"; bbox 0 0 2975 4992; ppageno 0'>
   <div class='ocr_carea' id='block_1_1' title="bbox 318 437 1103 534">
    <p class='ocr_par' dir='ltr' id='par_1_1' title="bbox 318 437 1103 534">
     <span class='ocr_line' id='line_1_1' title="bbox 318 437 1103 534; baseline 0.003 -28"><span class='ocrx_word' id='word_1_1' title='bbox 318 439 386 534; x_wconf 71' lang='lat'><strong>⁵9⁴</strong></span> <span class='ocrx_word' id='word_1_2' title='bbox 611 437 1103 510; x_wconf 77' lang='lat' dir='ltr'><strong>n.auua1sauacm</strong></span> 
     </span>
    </p>
   </div>
   <div class='ocr_carea' id='block_1_2' title="bbox 255 566 1397 2166">
    <p class='ocr_par' dir='ltr' id='par_1_2' title="bbox 255 566 1397 2166">
     <span class='ocr_line' id='line_1_2' title="bbox 315 566 1396 670; baseline 0 -32"><span class='ocrx_word' id='word_1_3' title='bbox 315 583 427 665; x_wconf 87' lang='lat' dir='ltr'><strong>pestus</strong></span> <span class='ocrx_word' id='word_1_4' title='bbox 447 582 481 636; x_wconf 89' lang='lat' dir='ltr'><strong>et</strong></span> <span class='ocrx_word' id='word_1_5' title='bbox 504 566 653 670; x_wconf 86' lang='lat' dir='ltr'><strong>procella</strong></span> <span class='ocrx_word' id='word_1_6' title='bbox 676 585 778 638; x_wconf 90' lang='lat' dir='ltr'><strong>nocet</strong></span> <span class='ocrx_word' id='word_1_7' title='bbox 800 567 1047 662; x_wconf 88' lang='lat' dir='ltr'><strong>gubernatori,</strong></span> <span class='ocrx_word' id='word_1_8' title='bbox 1072 593 1143 638; x_wconf 91' lang='lat' dir='ltr'><strong>nou</strong></span> <span class='ocrx_word' id='word_1_9' title='bbox 1161 585 1278 638; x_wconf 89' lang='lat' dir='ltr'><strong>tamen</strong></span> <span class='ocrx_word' id='word_1_10' title='bbox 1302 570 1396 638; x_wconf 83' lang='lat' dir='ltr'><strong>ilium</strong></span> 
     </span>
     <span class='ocr_line' id='line_1_3' title="bbox 316 684 1397 780; baseline 0.002 -24"><span class='ocrx_word' id='word_1_11' title='bbox 316 685 522 760; x_wconf 82' lang='lat' dir='ltr'><strong>deteriorem</strong></span> <span class='ocrx_word' id='word_1_12' title='bbox 535 685 628 756; x_wconf 84' lang='lat' dir='ltr'><strong>facit.</strong></span> <span class='ocrx_word' id='word_1_13' title='bbox 640 711 658 752; x_wconf 84' lang='lat' dir='ltr'><strong>a</strong></span> <span class='ocrx_word' id='word_1_14' title='bbox 669 684 880 780; x_wconf 82' lang='lat' dir='ltr'><strong>-Quidam</strong></span> <span class='ocrx_word' id='word_1_15' title='bbox 893 686 1000 756; x_wconf 79' lang='lat' dir='ltr'><strong>Stoici</strong></span> <span class='ocrx_word' id='word_1_16' title='bbox 1011 687 1061 754; x_wconf 86' lang='lat' dir='ltr'><strong>ita</strong></span> <span class='ocrx_word' id='word_1_17' title='bbox 1074 687 1241 758; x_wconf 85' lang='lat' dir='ltr'><strong>adversus</strong></span> <span class='ocrx_word' id='word_1_18' title='bbox 1259 687 1327 756; x_wconf 87' lang='lat' dir='ltr'><strong>boc</strong></span> <span class='ocrx_word' id='word_1_19' title='bbox 1338 712 1397 758; x_wconf 86' lang='lat' dir='ltr'><strong>re·</strong></span> 
     </span>
     <span class='ocr_line' id='line_1_4' title="bbox 315 799 1394 898; baseline 0.001 -26"><span class='ocrx_word' id='word_1_20' title='bbox 315 799 510 897; x_wconf 81' lang='lat' dir='ltr'><strong>spondent:</strong></span> <span class='ocrx_word' id='word_1_21' title='bbox 530 804 741 874; x_wconf 87' lang='lat' dir='ltr'><strong>Deteriorem</strong></span> <span class='ocrx_word' id='word_1_22' title='bbox 763 803 842 871; x_wconf 85' lang='lat' dir='ltr'><strong>fleri</strong></span> <span class='ocrx_word' id='word_1_23' title='bbox 855 801 1119 897; x_wconf 76' lang='lat' dir='ltr'><strong>gubernatorem</strong></span> <span class='ocrx_word' id='word_1_24' title='bbox 1132 820 1335 898; x_wconf 85' lang='lat' dir='ltr'><strong>tempestate</strong></span> <span class='ocrx_word' id='word_1_25' title='bbox 1353 829 1394 874; x_wconf 86' lang='lat' dir='ltr'><strong>ac</strong></span> 
     </span>
     <span class='ocr_line' id='line_1_5' title="bbox 314 919 1388 1012; baseline 0.001 -24"><span class='ocrx_word' id='word_1_26' title='bbox 314 919 486 1012; x_wconf 85' lang='lat' dir='ltr'><strong>procella,</strong></span> <span class='ocrx_word' id='word_1_27' title='bbox 505 919 586 1012; x_wconf 85' lang='lat' dir='ltr'><strong>quia</strong></span> <span class='ocrx_word' id='word_1_28' title='bbox 604 943 673 988; x_wconf 91' lang='lat' dir='ltr'><strong>uon</strong></span> <span class='ocrx_word' id='word_1_29' title='bbox 696 919 803 1012; x_wconf 80' lang='lat' dir='ltr'><strong>possit</strong></span> <span class='ocrx_word' id='word_1_30' title='bbox 820 919 875 1004; x_wconf 88' lang='lat' dir='ltr'><strong>id,</strong></span> <span class='ocrx_word' id='word_1_31' title='bbox 896 919 993 1012; x_wconf 84' lang='lat' dir='ltr'><strong>quod</strong></span> <span class='ocrx_word' id='word_1_32' title='bbox 1009 923 1204 1012; x_wconf 73' lang='lat' dir='ltr'><strong>proposuit,</strong></span> <span class='ocrx_word' id='word_1_33' title='bbox 1228 921 1388 1000; x_wconf 87' lang='lat' dir='ltr'><strong>efficere,</strong></span> 
     </span>
     <span class='ocr_line' id='line_1_6' title="bbox 315 1033 1390 1107; baseline -0.004 0"><span class='ocrx_word' id='word_1_34' title='bbox 315 1057 379 1107; x_wconf 83' lang='lat' dir='ltr'><strong>nec</strong></span> <span class='ocrx_word' id='word_1_35' title='bbox 398 1049 516 1104; x_wconf 89' lang='lat' dir='ltr'><strong>tenere</strong></span> <span class='ocrx_word' id='word_1_36' title='bbox 538 1055 674 1106; x_wconf 81' lang='lat' dir='ltr'><strong>curarim</strong></span> <span class='ocrx_word' id='word_1_37' title='bbox 696 1057 795 1102; x_wconf 89' lang='lat' dir='ltr'><strong>suum</strong></span> <span class='ocrx_word' id='word_1_38' title='bbox 811 1059 820 1101; x_wconf 75' lang='grc' dir='ltr'><strong>ε</strong></span> <span class='ocrx_word' id='word_1_39' title='bbox 837 1033 1043 1103; x_wconf 76' lang='lat' dir='ltr'><strong>deteriorem</strong></span> <span class='ocrx_word' id='word_1_40' title='bbox 1058 1033 1155 1102; x_wconf 92' lang='lat' dir='ltr'><strong>illum</strong></span> <span class='ocrx_word' id='word_1_41' title='bbox 1179 1036 1216 1102; x_wconf 91' lang='lat' dir='ltr'><strong>in</strong></span> <span class='ocrx_word' id='word_1_42' title='bbox 1238 1050 1316 1103; x_wconf 86' lang='lat' dir='ltr'><strong>arte</strong></span> <span class='ocrx_word' id='word_1_43' title='bbox 1333 1060 1390 1103; x_wconf 88' lang='lat' dir='ltr'><strong>sna</strong></span> 
     </span>
     <span class='ocr_line' id='line_1_7' title="bbox 257 1147 1387 1243; baseline -0.009 -19"><span class='ocrx_word' id='word_1_44' title='bbox 257 1175 287 1224; x_wconf 76' lang='lat'><strong>²⁷</strong></span> <span class='ocrx_word' id='word_1_45' title='bbox 314 1172 385 1220; x_wconf 82' lang='lat' dir='ltr'><strong>non</strong></span> <span class='ocrx_word' id='word_1_46' title='bbox 408 1148 484 1220; x_wconf 87' lang='lat' dir='ltr'><strong>fieri</strong></span> <span class='ocrx_word' id='word_1_47' title='bbox 495 1197 507 1234; x_wconf 95' lang='lat'><strong>,</strong></span> <span class='ocrx_word' id='word_1_48' title='bbox 534 1150 571 1218; x_wconf 89' lang='lat' dir='ltr'><strong>iu</strong></span> <span class='ocrx_word' id='word_1_49' title='bbox 592 1172 695 1243; x_wconf 90' lang='lat' dir='ltr'><strong>opere</strong></span> <span class='ocrx_word' id='word_1_50' title='bbox 715 1149 806 1218; x_wconf 84' lang='lat' dir='ltr'><strong>fieri.</strong></span> <span class='ocrx_word' id='word_1_51' title='bbox 828 1147 966 1241; x_wconf 78' lang='lat' dir='ltr'><strong>Quibus</strong></span> <span class='ocrx_word' id='word_1_52' title='bbox 983 1149 1233 1241; x_wconf 78' lang='lat' dir='ltr'><strong>Peripateticus</strong></span> <span class='ocrx_word' id='word_1_53' title='bbox 1250 1173 1259 1214; x_wconf 73' lang='grc' dir='ltr'><strong>ι</strong></span> <span class='ocrx_word' id='word_1_54' title='bbox 1275 1151 1387 1243; x_wconf 87' lang='lat' dir='ltr'><strong>Ergo,</strong></span> 
     </span>
     <span class='ocr_line' id='line_1_8' title="bbox 314 1259 1387 1356; baseline -0.001 -27"><span class='ocrx_word' id='word_1_55' title='bbox 314 1263 443 1354; x_wconf 89' lang='lat' dir='ltr'><strong>inquit,</strong></span> <span class='ocrx_word' id='word_1_56' title='bbox 462 1277 497 1332; x_wconf 92' lang='lat' dir='ltr'><strong>et</strong></span> <span class='ocrx_word' id='word_1_57' title='bbox 509 1263 703 1356; x_wconf 85' lang='lat' dir='ltr'><strong>Sapientem</strong></span> <span class='ocrx_word' id='word_1_58' title='bbox 722 1259 927 1330; x_wconf 87' lang='lat' dir='ltr'><strong>deteriorem</strong></span> <span class='ocrx_word' id='word_1_59' title='bbox 944 1260 1048 1329; x_wconf 79' lang='lat' dir='ltr'><strong>faciet</strong></span> <span class='ocrx_word' id='word_1_60' title='bbox 1061 1277 1262 1353; x_wconf 85' lang='lat' dir='ltr'><strong>paupertas,</strong></span> <span class='ocrx_word' id='word_1_61' title='bbox 1279 1261 1387 1346; x_wconf 84' lang='lat' dir='ltr'><strong>dolor,</strong></span> 
     </span>
     <span class='ocr_line' id='line_1_9' title="bbox 312 1375 1389 1470; baseline -0.002 -24"><span class='ocrx_word' id='word_1_62' title='bbox 312 1392 348 1446; x_wconf 89' lang='lat' dir='ltr'><strong>et</strong></span> <span class='ocrx_word' id='word_1_63' title='bbox 367 1375 540 1470; x_wconf 91' lang='lat' dir='ltr'><strong>quidquid</strong></span> <span class='ocrx_word' id='word_1_64' title='bbox 551 1377 647 1448; x_wconf 84' lang='lat' dir='ltr'><strong>aliud</strong></span> <span class='ocrx_word' id='word_1_65' title='bbox 660 1375 729 1446; x_wconf 83' lang='lat' dir='ltr'><strong>tale</strong></span> <span class='ocrx_word' id='word_1_66' title='bbox 741 1377 847 1446; x_wconf 81' lang='lat' dir='ltr'><strong>tuerit</strong></span> <span class='ocrx_word' id='word_1_67' title='bbox 864 1403 872 1444; x_wconf 91' lang='lat'>:</span> <span class='ocrx_word' id='word_1_68' title='bbox 889 1378 1050 1447; x_wconf 82' lang='lat' dir='ltr'><strong>virtutem</strong></span> <span class='ocrx_word' id='word_1_69' title='bbox 1067 1376 1176 1468; x_wconf 91' lang='lat' dir='ltr'><strong>[enim</strong></span> <span class='ocrx_word' id='word_1_70' title='bbox 1189 1376 1221 1468; x_wconf 86' lang='lat'><strong>¹]</strong></span> <span class='ocrx_word' id='word_1_71' title='bbox 1245 1378 1298 1446; x_wconf 88' lang='lat' dir='ltr'><strong>illi</strong></span> <span class='ocrx_word' id='word_1_72' title='bbox 1320 1403 1389 1446; x_wconf 91' lang='lat' dir='ltr'><strong>nou</strong></span> 
     </span>
     <span class='ocr_line' id='line_1_10' title="bbox 313 1493 1387 1588; baseline 0 -26"><span class='ocrx_word' id='word_1_73' title='bbox 313 1494 461 1586; x_wconf 90' lang='lat' dir='ltr'><strong>eripiet,</strong></span> <span class='ocrx_word' id='word_1_74' title='bbox 481 1496 541 1564; x_wconf 88' lang='lat' dir='ltr'><strong>sed</strong></span> <span class='ocrx_word' id='word_1_75' title='bbox 566 1517 670 1588; x_wconf 89' lang='lat' dir='ltr'><strong>opera</strong></span> <span class='ocrx_word' id='word_1_76' title='bbox 693 1494 767 1587; x_wconf 90' lang='lat' dir='ltr'><strong>ejus</strong></span> <span class='ocrx_word' id='word_1_77' title='bbox 791 1493 967 1586; x_wconf 84' lang='lat' dir='ltr'><strong>impediet.</strong></span> <span class='ocrx_word' id='word_1_78' title='bbox 986 1497 1060 1562; x_wconf 83' lang='lat' dir='ltr'><strong>Hoc</strong></span> <span class='ocrx_word' id='word_1_79' title='bbox 1074 1511 1168 1563; x_wconf 87' lang='lat' dir='ltr'><strong>recte</strong></span> <span class='ocrx_word' id='word_1_80' title='bbox 1185 1494 1387 1577; x_wconf 81' lang='lat' dir='ltr'><strong>diceretur,</strong></span> 
     </span>
     <span class='ocr_line' id='line_1_11' title="bbox 312 1609 1387 1705; baseline -0.001 -25"><span class='ocrx_word' id='word_1_81' title='bbox 312 1611 379 1680; x_wconf 92' lang='lat' dir='ltr'><strong>nisi</strong></span> <span class='ocrx_word' id='word_1_82' title='bbox 394 1609 568 1680; x_wconf 87' lang='lat' dir='ltr'><strong>dissimilis</strong></span> <span class='ocrx_word' id='word_1_83' title='bbox 587 1626 676 1680; x_wconf 88' lang='lat' dir='ltr'><strong>esset</strong></span> <span class='ocrx_word' id='word_1_84' title='bbox 698 1610 936 1705; x_wconf 74' lang='lat' dir='ltr'><strong>gubernatoris</strong></span> <span class='ocrx_word' id='word_1_85' title='bbox 954 1609 1129 1695; x_wconf 89' lang='lat' dir='ltr'><strong>conditio,</strong></span> <span class='ocrx_word' id='word_1_86' title='bbox 1152 1627 1187 1678; x_wconf 87' lang='lat' dir='ltr'><strong>et</strong></span> <span class='ocrx_word' id='word_1_87' title='bbox 1203 1612 1387 1704; x_wconf 87' lang='lat' dir='ltr'><strong>Sapientis.</strong></span> 
     </span>
     <span class='ocr_line' id='line_1_12' title="bbox 311 1725 1387 1819; baseline -0.003 -23"><span class='ocrx_word' id='word_1_88' title='bbox 311 1728 403 1796; x_wconf 88' lang='lat' dir='ltr'><strong>Huic</strong></span> <span class='ocrx_word' id='word_1_89' title='bbox 421 1727 516 1797; x_wconf 88' lang='lat' dir='ltr'><strong>euim</strong></span> <span class='ocrx_word' id='word_1_90' title='bbox 532 1728 742 1819; x_wconf 90' lang='lat' dir='ltr'><strong>propositum</strong></span> <span class='ocrx_word' id='word_1_91' title='bbox 766 1741 835 1807; x_wconf 92' lang='lat' dir='ltr'><strong>est,</strong></span> <span class='ocrx_word' id='word_1_92' title='bbox 856 1727 892 1794; x_wconf 91' lang='lat' dir='ltr'><strong>iu</strong></span> <span class='ocrx_word' id='word_1_93' title='bbox 912 1727 983 1794; x_wconf 90' lang='lat' dir='ltr'><strong>vita</strong></span> <span class='ocrx_word' id='word_1_94' title='bbox 1001 1725 1134 1819; x_wconf 86' lang='lat' dir='ltr'><strong>agenda</strong></span> <span class='ocrx_word' id='word_1_95' title='bbox 1157 1750 1229 1794; x_wconf 88' lang='lat' dir='ltr'><strong>non</strong></span> <span class='ocrx_word' id='word_1_96' title='bbox 1245 1729 1387 1819; x_wconf 87' lang='lat' dir='ltr'><strong>ntique,</strong></span> 
     </span>
     <span class='ocr_line' id='line_1_13' title="bbox 312 1842 1389 1937; baseline -0.002 -21"><span class='ocrx_word' id='word_1_97' title='bbox 312 1842 405 1935; x_wconf 86' lang='lat' dir='ltr'><strong>quod</strong></span> <span class='ocrx_word' id='word_1_98' title='bbox 426 1857 553 1926; x_wconf 84' lang='lat' dir='ltr'><strong>tentat,</strong></span> <span class='ocrx_word' id='word_1_99' title='bbox 576 1842 726 1927; x_wconf 87' lang='lat' dir='ltr'><strong>efficere,</strong></span> <span class='ocrx_word' id='word_1_100' title='bbox 747 1843 808 1910; x_wconf 91' lang='lat' dir='ltr'><strong>sed</strong></span> <span class='ocrx_word' id='word_1_101' title='bbox 823 1844 938 1911; x_wconf 86' lang='lat' dir='ltr'><strong>omnia</strong></span> <span class='ocrx_word' id='word_1_102' title='bbox 951 1859 1043 1912; x_wconf 88' lang='lat' dir='ltr'><strong>recte</strong></span> <span class='ocrx_word' id='word_1_103' title='bbox 1058 1843 1189 1928; x_wconf 70' lang='lat' dir='ltr'><strong>facere,</strong></span> <span class='ocrx_word' id='word_1_104' title='bbox 1209 1846 1389 1937; x_wconf 84' lang='lat' dir='ltr'><strong>guberna-</strong></span> 
     </span>
     <span class='ocr_line' id='line_1_14' title="bbox 310 1958 1384 2054; baseline -0.001 -24"><span class='ocrx_word' id='word_1_105' title='bbox 310 1961 378 2030; x_wconf 90' lang='lat' dir='ltr'><strong>tori</strong></span> <span class='ocrx_word' id='word_1_106' title='bbox 390 1958 601 2053; x_wconf 89' lang='lat' dir='ltr'><strong>propositum</strong></span> <span class='ocrx_word' id='word_1_107' title='bbox 625 1973 676 2028; x_wconf 90' lang='lat' dir='ltr'><strong>est</strong></span> <span class='ocrx_word' id='word_1_108' title='bbox 698 1959 818 2051; x_wconf 90' lang='lat' dir='ltr'><strong>utique</strong></span> <span class='ocrx_word' id='word_1_109' title='bbox 839 1983 959 2027; x_wconf 79' lang='lat' dir='ltr'><strong>narem</strong></span> <span class='ocrx_word' id='word_1_110' title='bbox 973 1961 1010 2026; x_wconf 92' lang='lat' dir='ltr'><strong>in</strong></span> <span class='ocrx_word' id='word_1_111' title='bbox 1026 1977 1162 2052; x_wconf 90' lang='lat' dir='ltr'><strong>portum</strong></span> <span class='ocrx_word' id='word_1_112' title='bbox 1179 1961 1384 2054; x_wconf 84' lang='lat' dir='ltr'><strong>perducere.</strong></span> 
     </span>
     <span class='ocr_line' id='line_1_15' title="bbox 255 2070 1383 2166; baseline 0.004 -31"><span class='ocrx_word' id='word_1_113' title='bbox 255 2081 286 2135; x_wconf 76' lang='lat'><strong>28</strong></span> <span class='ocrx_word' id='word_1_114' title='bbox 311 2070 412 2142; x_wconf 83' lang='lat' dir='ltr'><strong>Artes</strong></span> <span class='ocrx_word' id='word_1_115' title='bbox 425 2071 588 2140; x_wconf 78' lang='lat' dir='ltr'><strong>ministrae</strong></span> <span class='ocrx_word' id='word_1_116' title='bbox 601 2087 696 2153; x_wconf 88' lang='lat' dir='ltr'><strong>sunt;</strong></span> <span class='ocrx_word' id='word_1_117' title='bbox 711 2087 872 2164; x_wconf 73' lang='lat' dir='ltr'><strong>praestare</strong></span> <span class='ocrx_word' id='word_1_118' title='bbox 883 2072 1032 2158; x_wconf 89' lang='lat' dir='ltr'><strong>debent,</strong></span> <span class='ocrx_word' id='word_1_119' title='bbox 1050 2073 1145 2165; x_wconf 86' lang='lat' dir='ltr'><strong>quod</strong></span> <span class='ocrx_word' id='word_1_120' title='bbox 1157 2076 1383 2166; x_wconf 86' lang='lat' dir='ltr'><strong>promittuut:</strong></span> 
     </span>
    </p>
   </div>
   <div class='ocr_carea' id='block_1_3' title="bbox 310 2185 1388 2514">
    <p class='ocr_par' dir='ltr' id='par_1_3' title="bbox 310 2185 1388 2514">
     <span class='ocr_line' id='line_1_16' title="bbox 310 2185 1388 2282; baseline 0.003 -26"><span class='ocrx_word' id='word_1_121' title='bbox 310 2188 483 2282; x_wconf 77' lang='lat' dir='ltr'><strong>Sapientia</strong></span> <span class='ocrx_word' id='word_1_122' title='bbox 502 2185 639 2256; x_wconf 87' lang='lat' dir='ltr'><strong>domina</strong></span> <span class='ocrx_word' id='word_1_123' title='bbox 654 2188 846 2279; x_wconf 81' lang='lat' dir='ltr'><strong>reetrixque</strong></span> <span class='ocrx_word' id='word_1_124' title='bbox 858 2205 922 2257; x_wconf 88' lang='lat' dir='ltr'><strong>est.</strong></span> <span class='ocrx_word' id='word_1_125' title='bbox 942 2187 1045 2256; x_wconf 77' lang='lat' dir='ltr'><strong>Artes</strong></span> <span class='ocrx_word' id='word_1_126' title='bbox 1057 2190 1213 2258; x_wconf 86' lang='lat' dir='ltr'><strong>serviunt</strong></span> <span class='ocrx_word' id='word_1_127' title='bbox 1226 2191 1319 2273; x_wconf 78' lang='lat' dir='ltr'><strong>vitae,</strong></span> <span class='ocrx_word' id='word_1_128' title='bbox 1336 2217 1388 2259; x_wconf 89' lang='lat' dir='ltr'><strong>sa-</strong></span> 
     </span>
     <span class='ocr_line' id='line_1_17' title="bbox 311 2301 1386 2398; baseline 0.002 -26"><span class='ocrx_word' id='word_1_129' title='bbox 311 2305 441 2398; x_wconf 85' lang='lat' dir='ltr'><strong>pientia</strong></span> <span class='ocrx_word' id='word_1_130' title='bbox 464 2304 619 2397; x_wconf 89' lang='lat' dir='ltr'><strong>imperat.</strong></span> <span class='ocrx_word' id='word_1_131' title='bbox 646 2307 720 2397; x_wconf 89' lang='lat' dir='ltr'><strong>Ego</strong></span> <span class='ocrx_word' id='word_1_132' title='bbox 740 2303 840 2371; x_wconf 88' lang='lat' dir='ltr'><strong>aliter</strong></span> <span class='ocrx_word' id='word_1_133' title='bbox 858 2304 1133 2397; x_wconf 86' lang='lat' dir='ltr'><strong>respondendum</strong></span> <span class='ocrx_word' id='word_1_134' title='bbox 1155 2301 1278 2398; x_wconf 87' lang='lat' dir='ltr'><strong>judico</strong></span> <span class='ocrx_word' id='word_1_135' title='bbox 1297 2334 1306 2372; x_wconf 75' lang='grc' dir='ltr'>ε</span> <span class='ocrx_word' id='word_1_136' title='bbox 1323 2333 1386 2374; x_wconf 88' lang='lat' dir='ltr'><strong>nec</strong></span> 
     </span>
     <span class='ocr_line' id='line_1_18' title="bbox 311 2419 1385 2514; baseline -0.001 -24"><span class='ocrx_word' id='word_1_137' title='bbox 311 2435 417 2490; x_wconf 87' lang='lat' dir='ltr'><strong>artem</strong></span> <span class='ocrx_word' id='word_1_138' title='bbox 434 2419 670 2514; x_wconf 79' lang='lat' dir='ltr'><strong>gubernatoris</strong></span> <span class='ocrx_word' id='word_1_139' title='bbox 684 2419 888 2488; x_wconf 76' lang='lat' dir='ltr'><strong>deteriorem</strong></span> <span class='ocrx_word' id='word_1_140' title='bbox 903 2419 971 2488; x_wconf 79' lang='lat' dir='ltr'><strong>ulia</strong></span> <span class='ocrx_word' id='word_1_141' title='bbox 986 2436 1185 2512; x_wconf 86' lang='lat' dir='ltr'><strong>tempestate</strong></span> <span class='ocrx_word' id='word_1_142' title='bbox 1199 2423 1302 2507; x_wconf 85' lang='lat' dir='ltr'><strong>fieri,</strong></span> <span class='ocrx_word' id='word_1_143' title='bbox 1323 2446 1385 2489; x_wconf 90' lang='lat' dir='ltr'><strong>nec</strong></span> 
     </span>
    </p>
   </div>
   <div class='ocr_carea' id='block_1_4' title="bbox 170 2532 1388 3210">
    <p class='ocr_par' dir='ltr' id='par_1_4' title="bbox 311 2532 1385 2861">
     <span class='ocr_line' id='line_1_19' title="bbox 312 2532 1385 2628; baseline 0.003 -28"><span class='ocrx_word' id='word_1_144' title='bbox 312 2536 416 2628; x_wconf 90' lang='lat' dir='ltr'><strong>ipsam</strong></span> <span class='ocrx_word' id='word_1_145' title='bbox 436 2532 761 2601; x_wconf 82' lang='lat' dir='ltr'><strong>administrationem</strong></span> <span class='ocrx_word' id='word_1_146' title='bbox 782 2537 879 2602; x_wconf 90' lang='lat' dir='ltr'><strong>artis.</strong></span> <span class='ocrx_word' id='word_1_147' title='bbox 899 2535 1117 2606; x_wconf 85' lang='lat' dir='ltr'><strong>Gubernator</strong></span> <span class='ocrx_word' id='word_1_148' title='bbox 1134 2535 1199 2602; x_wconf 90' lang='lat' dir='ltr'><strong>tibi</strong></span> <span class='ocrx_word' id='word_1_149' title='bbox 1219 2559 1291 2604; x_wconf 88' lang='lat' dir='ltr'><strong>nun</strong></span> <span class='ocrx_word' id='word_1_150' title='bbox 1312 2537 1385 2604; x_wconf 79' lang='lat' dir='ltr'><strong>ieli-</strong></span> 
     </span>
     <span class='ocr_line' id='line_1_20' title="bbox 311 2648 1385 2746; baseline -0.003 -25"><span class='ocrx_word' id='word_1_151' title='bbox 311 2649 449 2721; x_wconf 78' lang='lat' dir='ltr'><strong>eiatem</strong></span> <span class='ocrx_word' id='word_1_152' title='bbox 465 2649 639 2742; x_wconf 79' lang='lat' dir='ltr'><strong>promisit,</strong></span> <span class='ocrx_word' id='word_1_153' title='bbox 661 2648 723 2717; x_wconf 87' lang='lat' dir='ltr'><strong>scd</strong></span> <span class='ocrx_word' id='word_1_154' title='bbox 744 2650 862 2717; x_wconf 85' lang='lat' dir='ltr'><strong>utilem</strong></span> <span class='ocrx_word' id='word_1_155' title='bbox 881 2673 1038 2741; x_wconf 87' lang='lat' dir='ltr'><strong>operam,</strong></span> <span class='ocrx_word' id='word_1_156' title='bbox 1060 2666 1094 2717; x_wconf 90' lang='lat' dir='ltr'><strong>et</strong></span> <span class='ocrx_word' id='word_1_157' title='bbox 1114 2651 1213 2718; x_wconf 85' lang='lat' dir='ltr'><strong>navis</strong></span> <span class='ocrx_word' id='word_1_158' title='bbox 1226 2651 1385 2746; x_wconf 72' lang='lat' dir='ltr'><strong>regendae</strong></span> 
     </span>
     <span class='ocr_line' id='line_1_21' title="bbox 311 2765 1385 2861; baseline -0.002 -25"><span class='ocrx_word' id='word_1_159' title='bbox 311 2766 487 2836; x_wconf 86' lang='lat' dir='ltr'><strong>scientiam</strong></span> <span class='ocrx_word' id='word_1_160' title='bbox 511 2792 519 2833; x_wconf 91' lang='lat'><strong>:</strong></span> <span class='ocrx_word' id='word_1_161' title='bbox 542 2765 615 2834; x_wconf 79' lang='lat' dir='ltr'><strong>haec</strong></span> <span class='ocrx_word' id='word_1_162' title='bbox 631 2790 672 2834; x_wconf 90' lang='lat' dir='ltr'><strong>eo</strong></span> <span class='ocrx_word' id='word_1_163' title='bbox 692 2768 800 2860; x_wconf 90' lang='lat' dir='ltr'><strong>magis</strong></span> <span class='ocrx_word' id='word_1_164' title='bbox 816 2783 975 2859; x_wconf 86' lang='lat' dir='ltr'><strong>apparet,</strong></span> <span class='ocrx_word' id='word_1_165' title='bbox 1000 2791 1068 2858; x_wconf 86' lang='lat' dir='ltr'><strong>qao</strong></span> <span class='ocrx_word' id='word_1_166' title='bbox 1084 2768 1136 2835; x_wconf 89' lang='lat' dir='ltr'><strong>illi</strong></span> <span class='ocrx_word' id='word_1_167' title='bbox 1150 2771 1262 2861; x_wconf 88' lang='lat' dir='ltr'><strong>magis</strong></span> <span class='ocrx_word' id='word_1_168' title='bbox 1272 2769 1385 2861; x_wconf 87' lang='lat' dir='ltr'><strong>aiiqua</strong></span> 
     </span>
    </p>

    <p class='ocr_par' dir='ltr' id='par_1_5' title="bbox 257 2883 1382 2978">
     <span class='ocr_line' id='line_1_22' title="bbox 257 2883 1382 2978; baseline 0.001 -26"><span class='ocrx_word' id='word_1_169' title='bbox 257 2910 288 2962; x_wconf 69' lang='lat' dir='ltr'><strong>aa</strong></span> <span class='ocrx_word' id='word_1_170' title='bbox 312 2883 448 2952; x_wconf 82' lang='lat' dir='ltr'><strong>fortuita</strong></span> <span class='ocrx_word' id='word_1_171' title='bbox 462 2883 514 2951; x_wconf 84' lang='lat' dir='ltr'><strong>ris</strong></span> <span class='ocrx_word' id='word_1_172' title='bbox 529 2883 669 2951; x_wconf 89' lang='lat' dir='ltr'><strong>obstitit.</strong></span> <span class='ocrx_word' id='word_1_173' title='bbox 689 2883 761 2976; x_wconf 91' lang='lat' dir='ltr'><strong>Qui</strong></span> <span class='ocrx_word' id='word_1_174' title='bbox 783 2884 851 2952; x_wconf 91' lang='lat' dir='ltr'><strong>hoc</strong></span> <span class='ocrx_word' id='word_1_175' title='bbox 866 2883 976 2976; x_wconf 90' lang='lat' dir='ltr'><strong>potuit</strong></span> <span class='ocrx_word' id='word_1_176' title='bbox 995 2883 1134 2952; x_wconf 85' lang='lat' dir='ltr'><strong>dicere²</strong></span> <span class='ocrx_word' id='word_1_177' title='bbox 1150 2912 1187 2948; x_wconf 78' lang='lat' dir='ltr'><strong>:a</strong></span> <span class='ocrx_word' id='word_1_178' title='bbox 1203 2888 1382 2978; x_wconf 86' lang='lat' dir='ltr'><strong>Neptune,</strong></span> 
     </span>
    </p>

    <p class='ocr_par' dir='ltr' id='par_1_6' title="bbox 170 2987 1388 3210">
     <span class='ocr_line' id='line_1_23' title="bbox 170 2987 1383 3091; baseline -0.005 -21"><span class='ocrx_word' id='word_1_179' title='bbox 170 2987 172 3000; x_wconf 49' lang='lat'><strong>¹</strong></span> <span class='ocrx_word' id='word_1_180' title='bbox 311 3023 486 3091; x_wconf 77' lang='lat' dir='ltr'><strong>nunquam</strong></span> <span class='ocrx_word' id='word_1_181' title='bbox 513 3000 603 3067; x_wconf 87' lang='lat' dir='ltr'><strong>banc</strong></span> <span class='ocrx_word' id='word_1_182' title='bbox 624 3023 767 3082; x_wconf 82' lang='lat' dir='ltr'><strong>navem,</strong></span> <span class='ocrx_word' id='word_1_183' title='bbox 800 3000 866 3066; x_wconf 91' lang='lat' dir='ltr'><strong>nisi</strong></span> <span class='ocrx_word' id='word_1_184' title='bbox 892 2995 1036 3066; x_wconf 85' lang='lat' dir='ltr'><strong>rectam!</strong></span> <span class='ocrx_word' id='word_1_185' title='bbox 1052 3027 1069 3062; x_wconf 77' lang='lat' dir='ltr'><strong>a</strong></span> <span class='ocrx_word' id='word_1_186' title='bbox 1097 3002 1162 3068; x_wconf 88' lang='lat' dir='ltr'><strong>arti</strong></span> <span class='ocrx_word' id='word_1_187' title='bbox 1191 3000 1383 3068; x_wconf 84' lang='lat' dir='ltr'><strong>satisfecit:</strong></span> 
     </span>
     <span class='ocr_line' id='line_1_24' title="bbox 311 3115 1388 3210; baseline -0.001 -24"><span class='ocrx_word' id='word_1_188' title='bbox 311 3131 491 3210; x_wconf 87' lang='lat' dir='ltr'><strong>tempestas</strong></span> <span class='ocrx_word' id='word_1_189' title='bbox 517 3137 586 3182; x_wconf 92' lang='lat' dir='ltr'><strong>non</strong></span> <span class='ocrx_word' id='word_1_190' title='bbox 609 3137 694 3207; x_wconf 88' lang='lat' dir='ltr'><strong>opus</strong></span> <span class='ocrx_word' id='word_1_191' title='bbox 721 3115 957 3208; x_wconf 82' lang='lat' dir='ltr'><strong>gubernatoris</strong></span> <span class='ocrx_word' id='word_1_192' title='bbox 979 3116 1138 3209; x_wconf 87' lang='lat' dir='ltr'><strong>impedit,</strong></span> <span class='ocrx_word' id='word_1_193' title='bbox 1160 3117 1222 3184; x_wconf 87' lang='lat' dir='ltr'><strong>sed</strong></span> <span class='ocrx_word' id='word_1_194' title='bbox 1245 3140 1388 3185; x_wconf 86' lang='lat' dir='ltr'><strong>succes-</strong></span> 
     </span>
    </p>
   </div>
   <div class='ocr_carea' id='block_1_5' title="bbox 209 3329 1386 4184">
    <p class='ocr_par' dir='ltr' id='par_1_7' title="bbox 209 3329 1386 4184">
     <span class='ocr_line' id='line_1_25' title="bbox 314 3329 1386 3406; baseline -0.002 -20"><span class='ocrx_word' id='word_1_195' title='bbox 314 3333 439 3387; x_wconf 86' lang='lat' dir='ltr'><strong>miuorsm</strong></span> <span class='ocrx_word' id='word_1_196' title='bbox 449 3331 558 3405; x_wconf 83' lang='lat' dir='ltr'><strong>,quippe</strong></span> <span class='ocrx_word' id='word_1_197' title='bbox 564 3331 592 3382; x_wconf 90' lang='lat' dir='ltr'><strong>in</strong></span> <span class='ocrx_word' id='word_1_198' title='bbox 598 3349 648 3400; x_wconf 84' lang='lat' dir='ltr'><strong>qua</strong></span> <span class='ocrx_word' id='word_1_199' title='bbox 654 3329 730 3383; x_wconf 87' lang='lat' dir='ltr'><strong>cardo</strong></span> <span class='ocrx_word' id='word_1_200' title='bbox 738 3350 822 3384; x_wconf 87' lang='lat' dir='ltr'><strong>rerum</strong></span> <span class='ocrx_word' id='word_1_201' title='bbox 870 3333 981 3404; x_wconf 81' lang='lat' dir='ltr'><strong>antiquis</strong></span> <span class='ocrx_word' id='word_1_202' title='bbox 988 3344 1083 3406; x_wconf 79' lang='lat' dir='ltr'><strong>etsaepe</strong></span> <span class='ocrx_word' id='word_1_203' title='bbox 1094 3333 1255 3386; x_wconf 82' lang='lat' dir='ltr'><strong>laudabatur.</strong></span> <span class='ocrx_word' id='word_1_204' title='bbox 1262 3333 1386 3386; x_wconf 78' lang='lat' dir='ltr'><strong>Aristides</strong></span> 
     </span>
     <span class='ocr_line' id='line_1_26' title="bbox 314 3407 1386 3482; baseline -0.007 -15"><span class='ocrx_word' id='word_1_205' title='bbox 314 3413 427 3468; x_wconf 61' lang='lat' dir='ltr'><strong>vetatur.</strong></span> <span class='ocrx_word' id='word_1_206' title='bbox 445 3409 573 3463; x_wconf 80' lang='lat' dir='ltr'><strong>Videntur</strong></span> <span class='ocrx_word' id='word_1_207' title='bbox 590 3429 692 3482; x_wconf 85' lang='lat' dir='ltr'><strong>quoque</strong></span> <span class='ocrx_word' id='word_1_208' title='bbox 709 3409 739 3461; x_wconf 91' lang='lat' dir='ltr'><strong>in</strong></span> <span class='ocrx_word' id='word_1_209' title='bbox 757 3423 823 3462; x_wconf 82' lang='lat' dir='ltr'><strong>statu</strong></span> <span class='ocrx_word' id='word_1_210' title='bbox 871 3409 943 3461; x_wconf 85' lang='lat' dir='ltr'><strong>Orat.</strong></span> <span class='ocrx_word' id='word_1_211' title='bbox 953 3411 972 3461; x_wconf 87' lang='lat'><strong>1.</strong></span> <span class='ocrx_word' id='word_1_212' title='bbox 981 3407 1066 3462; x_wconf 82' lang='lat' dir='ltr'><strong>Rbod.</strong></span> <span class='ocrx_word' id='word_1_213' title='bbox 1077 3409 1124 3461; x_wconf 80' lang='lat' dir='ltr'><strong>To.</strong></span> <span class='ocrx_word' id='word_1_214' title='bbox 1136 3409 1175 3478; x_wconf 84' lang='lat' dir='ltr'><strong>ll,</strong></span> <span class='ocrx_word' id='word_1_215' title='bbox 1187 3431 1213 3482; x_wconf 91' lang='lat' dir='ltr'><strong>p.</strong></span> <span class='ocrx_word' id='word_1_216' title='bbox 1227 3408 1288 3474; x_wconf 74' lang='grc'><strong>346.</strong></span> <span class='ocrx_word' id='word_1_217' title='bbox 1302 3409 1333 3462; x_wconf 86' lang='lat' dir='ltr'><strong>C.</strong></span> <span class='ocrx_word' id='word_1_218' title='bbox 1344 3411 1386 3461; x_wconf 88' lang='lat' dir='ltr'><strong>ad·</strong></span> 
     </span>
     <span class='ocr_line' id='line_1_27' title="bbox 314 3484 1386 3561; baseline -0.004 -18"><span class='ocrx_word' id='word_1_219' title='bbox 314 3484 749 3543; x_wconf 75' lang='lat' dir='ltr'><strong>sonnoveniarformandouonsatir</strong></span> <span class='ocrx_word' id='word_1_220' title='bbox 757 3487 822 3539; x_wconf 83' lang='lat' dir='ltr'><strong>cauti</strong></span> <span class='ocrx_word' id='word_1_221' title='bbox 872 3484 984 3538; x_wconf 88' lang='lat' dir='ltr'><strong>bortatur</strong></span> <span class='ocrx_word' id='word_1_222' title='bbox 1004 3485 1136 3554; x_wconf 80' lang='lat' dir='ltr'><strong>Rhodios,</strong></span> <span class='ocrx_word' id='word_1_223' title='bbox 1156 3499 1184 3538; x_wconf 91' lang='lat' dir='ltr'><strong>ut</strong></span> <span class='ocrx_word' id='word_1_224' title='bbox 1204 3486 1386 3561; x_wconf 77' lang='lat' dir='ltr'><strong>gubernatoris</strong></span> 
     </span>
     <span class='ocr_line' id='line_1_28' title="bbox 314 3561 1386 3637; baseline -0.002 -18"><span class='ocrx_word' id='word_1_225' title='bbox 314 3561 565 3637; x_wconf 71' lang='lat' dir='ltr'><strong>fuissePeripatetici3</strong></span> <span class='ocrx_word' id='word_1_226' title='bbox 573 3582 634 3614; x_wconf 88' lang='lat' dir='ltr'><strong>nam</strong></span> <span class='ocrx_word' id='word_1_227' title='bbox 640 3563 705 3616; x_wconf 86' lang='lat' dir='ltr'><strong>illud</strong></span> <span class='ocrx_word' id='word_1_228' title='bbox 712 3564 823 3616; x_wconf 77' lang='lat' dir='ltr'><strong>deterto-</strong></span> <span class='ocrx_word' id='word_1_229' title='bbox 871 3562 1017 3633; x_wconf 72' lang='lat' dir='ltr'><strong>cujusdam,</strong></span> <span class='ocrx_word' id='word_1_230' title='bbox 1028 3563 1090 3615; x_wconf 83' lang='lat' dir='ltr'><strong>ciris</strong></span> <span class='ocrx_word' id='word_1_231' title='bbox 1100 3563 1156 3630; x_wconf 85' lang='lat' dir='ltr'><strong>sui,</strong></span> <span class='ocrx_word' id='word_1_232' title='bbox 1171 3563 1270 3616; x_wconf 88' lang='lat' dir='ltr'><strong>dictum</strong></span> <span class='ocrx_word' id='word_1_233' title='bbox 1284 3565 1315 3616; x_wconf 91' lang='lat' dir='ltr'><strong>in</strong></span> <span class='ocrx_word' id='word_1_234' title='bbox 1326 3586 1386 3617; x_wconf 86' lang='lat' dir='ltr'><strong>me-</strong></span> 
     </span>
     <span class='ocr_line' id='line_1_29' title="bbox 314 3638 1385 3715; baseline -0.003 -18"><span class='ocrx_word' id='word_1_235' title='bbox 314 3645 432 3715; x_wconf 81' lang='lat' dir='ltr'><strong>remfien&#39;</strong></span> <span class='ocrx_word' id='word_1_236' title='bbox 439 3643 519 3696; x_wconf 83' lang='lat' dir='ltr'><strong>Stoici</strong></span> <span class='ocrx_word' id='word_1_237' title='bbox 528 3641 823 3710; x_wconf 54' lang='lat' dir='ltr'><strong>(diseedmoralisensm</strong></span> <span class='ocrx_word' id='word_1_238' title='bbox 870 3638 978 3691; x_wconf 83' lang='lat' dir='ltr'><strong>moriam</strong></span> <span class='ocrx_word' id='word_1_239' title='bbox 987 3654 1114 3705; x_wconf 77' lang='lat' dir='ltr'><strong>revocent,</strong></span> <span class='ocrx_word' id='word_1_240' title='bbox 1122 3640 1385 3712; x_wconf 80' lang='lat' dir='ltr'><strong>quifluctuantenave</strong></span> 
     </span>
     <span class='ocr_line' id='line_1_30' title="bbox 314 3716 1383 3794; baseline -0.005 -18"><span class='ocrx_word' id='word_1_241' title='bbox 314 3717 473 3794; x_wconf 82' lang='lat' dir='ltr'><strong>Peripatetici</strong></span> <span class='ocrx_word' id='word_1_242' title='bbox 483 3719 566 3772; x_wconf 87' lang='lat' dir='ltr'><strong>latiori</strong></span> <span class='ocrx_word' id='word_1_243' title='bbox 575 3740 649 3773; x_wconf 82' lang='lat' dir='ltr'><strong>tensa</strong></span> <span class='ocrx_word' id='word_1_244' title='bbox 659 3719 822 3793; x_wconf 83' lang='lat' dir='ltr'><strong>accipiebant.</strong></span> <span class='ocrx_word' id='word_1_245' title='bbox 871 3730 895 3770; x_wconf 89' lang='lat' dir='ltr'><strong>et</strong></span> <span class='ocrx_word' id='word_1_246' title='bbox 905 3716 1006 3788; x_wconf 77' lang='lat' dir='ltr'><strong>jamjam</strong></span> <span class='ocrx_word' id='word_1_247' title='bbox 1015 3717 1198 3790; x_wconf 82' lang='lat' dir='ltr'><strong>submergenda</strong></span> <span class='ocrx_word' id='word_1_248' title='bbox 1208 3718 1328 3774; x_wconf 86' lang='lat' dir='ltr'><strong>dicebat:</strong></span> <span class='ocrx_word' id='word_1_249' title='bbox 1340 3733 1383 3784; x_wconf 86' lang='lat' dir='ltr'><strong>at,</strong></span> 
     </span>
     <span class='ocr_line' id='line_1_31' title="bbox 350 3794 1382 3868; baseline -0.005 -14"><span class='ocrx_word' id='word_1_250' title='bbox 350 3821 372 3854; x_wconf 86' lang='lat' dir='ltr'><strong>r·</strong></span> <span class='ocrx_word' id='word_1_251' title='bbox 389 3799 521 3852; x_wconf 79' lang='lat' dir='ltr'><strong>Virtutem</strong></span> <span class='ocrx_word' id='word_1_252' title='bbox 539 3801 616 3850; x_wconf 75' lang='lat' dir='ltr'><strong>enim.</strong></span> <span class='ocrx_word' id='word_1_253' title='bbox 636 3799 704 3852; x_wconf 71' lang='lat' dir='ltr'><strong>Vin.</strong></span> <span class='ocrx_word' id='word_1_254' title='bbox 717 3800 822 3868; x_wconf 78' lang='lat' dir='ltr'><strong>quidem</strong></span> <span class='ocrx_word' id='word_1_255' title='bbox 871 3795 1005 3865; x_wconf 80' lang='lat' dir='ltr'><strong>Neptune,</strong></span> <span class='ocrx_word' id='word_1_256' title='bbox 1018 3795 1097 3862; x_wconf 83' lang='lat' dir='ltr'><strong>scito,</strong></span> <span class='ocrx_word' id='word_1_257' title='bbox 1110 3815 1163 3847; x_wconf 90' lang='lat' dir='ltr'><strong>non</strong></span> <span class='ocrx_word' id='word_1_258' title='bbox 1175 3794 1242 3848; x_wconf 81' lang='lat' dir='ltr'><strong>benc</strong></span> <span class='ocrx_word' id='word_1_259' title='bbox 1255 3796 1346 3849; x_wconf 76' lang='lat' dir='ltr'><strong>navim</strong></span> <span class='ocrx_word' id='word_1_260' title='bbox 1358 3811 1382 3849; x_wconf 91' lang='lat' dir='ltr'><strong>te</strong></span> 
     </span>
     <span class='ocr_line' id='line_1_32' title="bbox 315 3871 1382 3947; baseline -0.004 -17"><span class='ocrx_word' id='word_1_261' title='bbox 315 3875 455 3940; x_wconf 80' lang='lat' dir='ltr'><strong>malebam,</strong></span> <span class='ocrx_word' id='word_1_262' title='bbox 473 3887 516 3927; x_wconf 85' lang='lat' dir='ltr'><strong>aut</strong></span> <span class='ocrx_word' id='word_1_263' title='bbox 529 3873 636 3928; x_wconf 79' lang='lat' dir='ltr'><strong>deletam</strong></span> <span class='ocrx_word' id='word_1_264' title='bbox 653 3875 741 3928; x_wconf 85' lang='lat' dir='ltr'><strong>saltem</strong></span> <span class='ocrx_word' id='word_1_265' title='bbox 754 3879 822 3928; x_wconf 76' lang='lat' dir='ltr'><strong>emin</strong></span> <span class='ocrx_word' id='word_1_266' title='bbox 871 3871 920 3925; x_wconf 82' lang='lat' dir='ltr'><strong>nisi</strong></span> <span class='ocrx_word' id='word_1_267' title='bbox 932 3884 1024 3925; x_wconf 85' lang='lat' dir='ltr'><strong>rectam</strong></span> <span class='ocrx_word' id='word_1_268' title='bbox 1034 3873 1206 3925; x_wconf 80' lang='lat' dir='ltr'><strong>demersumm</strong></span> <span class='ocrx_word' id='word_1_269' title='bbox 1216 3875 1382 3947; x_wconf 52' lang='lat' dir='ltr'><strong>(dimili-</strong></span> 
     </span>
     <span class='ocr_line' id='line_1_33' title="bbox 209 3953 1381 4030; baseline 0 -22"><span class='ocrx_word' id='word_1_270' title='bbox 209 3987 211 3996; x_wconf 74' lang='lat'>›</span> <span class='ocrx_word' id='word_1_271' title='bbox 314 3953 462 4030; x_wconf 78' lang='lat' dir='ltr'><strong>particulam</strong></span> <span class='ocrx_word' id='word_1_272' title='bbox 475 3953 536 4006; x_wconf 79' lang='lat' dir='ltr'><strong>:ted</strong></span> <span class='ocrx_word' id='word_1_273' title='bbox 546 3953 585 4006; x_wconf 87' lang='lat' dir='ltr'><strong>nil</strong></span> <span class='ocrx_word' id='word_1_274' title='bbox 594 3967 694 4007; x_wconf 83' lang='lat' dir='ltr'><strong>mutant</strong></span> <span class='ocrx_word' id='word_1_275' title='bbox 704 3954 771 4008; x_wconf 81' lang='lat' dir='ltr'><strong>libri.</strong></span> <span class='ocrx_word' id='word_1_276' title='bbox 783 3953 813 4007; x_wconf 86' lang='lat' dir='ltr'><strong>S.</strong></span> <span class='ocrx_word' id='word_1_277' title='bbox 871 3955 1016 4020; x_wconf 54' lang='lat' dir='ltr'><strong>terdenis&amp;</strong></span> <span class='ocrx_word' id='word_1_278' title='bbox 1030 3956 1152 4023; x_wconf 72' lang='lat' dir='ltr'><strong>dpddarda</strong></span> <span class='ocrx_word' id='word_1_279' title='bbox 1165 3954 1381 4020; x_wconf 47' lang='lat' dir='ltr'><strong>firmatio-v,</strong></span> 
     </span>
     <span class='ocr_line' id='line_1_34' title="bbox 345 4029 1385 4104; baseline -0.002 -20"><span class='ocrx_word' id='word_1_280' title='bbox 345 4053 369 4086; x_wconf 85' lang='lat' dir='ltr'><strong>a.</strong></span> <span class='ocrx_word' id='word_1_281' title='bbox 388 4031 445 4104; x_wconf 76' lang='lat' dir='ltr'><strong>Qui</strong></span> <span class='ocrx_word' id='word_1_282' title='bbox 455 4031 501 4085; x_wconf 80' lang='lat' dir='ltr'><strong>boc</strong></span> <span class='ocrx_word' id='word_1_283' title='bbox 509 4035 596 4101; x_wconf 80' lang='lat' dir='ltr'><strong>potuit</strong></span> <span class='ocrx_word' id='word_1_284' title='bbox 611 4035 822 4086; x_wconf 70' lang='lat' dir='ltr'><strong>drtere....sao&#39;s-</strong></span> <span class='ocrx_word' id='word_1_285' title='bbox 871 4051 900 4083; x_wconf 82' lang='lat' dir='ltr'><strong>ex</strong></span> <span class='ocrx_word' id='word_1_286' title='bbox 916 4031 1016 4083; x_wconf 83' lang='lat' dir='ltr'><strong>emend.</strong></span> <span class='ocrx_word' id='word_1_287' title='bbox 1034 4029 1236 4103; x_wconf 67' lang='lat' dir='ltr'><strong>prestantissima</strong></span> <span class='ocrx_word' id='word_1_288' title='bbox 1260 4032 1385 4086; x_wconf 65' lang='lat' dir='ltr'><strong>viteam.</strong></span> 
     </span>
     <span class='ocr_line' id='line_1_35' title="bbox 303 4107 1383 4184; baseline -0.006 -17"><span class='ocrx_word' id='word_1_289' title='bbox 303 4111 378 4184; x_wconf 79' lang='lat' dir='ltr'><strong>serit.</strong></span> <span class='ocrx_word' id='word_1_290' title='bbox 392 4109 531 4183; x_wconf 79' lang='lat' dir='ltr'><strong>Egregium</strong></span> <span class='ocrx_word' id='word_1_291' title='bbox 542 4109 591 4162; x_wconf 90' lang='lat' dir='ltr'><strong>boc</strong></span> <span class='ocrx_word' id='word_1_292' title='bbox 610 4109 708 4164; x_wconf 80' lang='lat' dir='ltr'><strong>Rhodii</strong></span> <span class='ocrx_word' id='word_1_293' title='bbox 724 4110 821 4182; x_wconf 81' lang='lat' dir='ltr'><strong>guber-</strong></span> <span class='ocrx_word' id='word_1_294' title='bbox 870 4109 903 4162; x_wconf 86' lang='lat' dir='ltr'><strong>ad</strong></span> <span class='ocrx_word' id='word_1_295' title='bbox 924 4110 1014 4181; x_wconf 84' lang='lat' dir='ltr'><strong>Eurip.</strong></span> <span class='ocrx_word' id='word_1_296' title='bbox 1027 4109 1129 4182; x_wconf 80' lang='lat' dir='ltr'><strong>Hippoi.</strong></span> <span class='ocrx_word' id='word_1_297' title='bbox 1147 4109 1197 4180; x_wconf 78' lang='lat'><strong>³09</strong></span> <span class='ocrx_word' id='word_1_298' title='bbox 1219 4130 1245 4182; x_wconf 91' lang='lat' dir='ltr'><strong>p.</strong></span> <span class='ocrx_word' id='word_1_299' title='bbox 1269 4107 1319 4177; x_wconf 73' lang='lat'><strong>196</strong></span> <span class='ocrx_word' id='word_1_300' title='bbox 1330 4112 1383 4173; x_wconf 82' lang='grc' dir='ltr'><strong>Δ.)</strong></span> 
     </span>
    </p>
   </div>
   <div class='ocr_carea' id='block_1_6' title="bbox 313 4185 1384 4262">
    <p class='ocr_par' dir='ltr' id='par_1_8' title="bbox 313 4185 1384 4262">
     <span class='ocr_line' id='line_1_36' title="bbox 313 4185 1384 4262; baseline -0.008 -19"><span class='ocrx_word' id='word_1_301' title='bbox 313 4189 407 4244; x_wconf 78' lang='lat' dir='ltr'><strong>naturis</strong></span> <span class='ocrx_word' id='word_1_302' title='bbox 419 4189 514 4242; x_wconf 87' lang='lat' dir='ltr'><strong>dictum</strong></span> <span class='ocrx_word' id='word_1_303' title='bbox 526 4188 615 4262; x_wconf 79' lang='lat' dir='ltr'><strong>magni</strong></span> <span class='ocrx_word' id='word_1_304' title='bbox 628 4189 703 4244; x_wconf 87' lang='lat' dir='ltr'><strong>fiebat</strong></span> <span class='ocrx_word' id='word_1_305' title='bbox 713 4201 778 4241; x_wconf 85' lang='lat' dir='ltr'><strong>reete</strong></span> <span class='ocrx_word' id='word_1_306' title='bbox 788 4188 820 4240; x_wconf 87' lang='lat' dir='ltr'><strong>ab</strong></span> <span class='ocrx_word' id='word_1_307' title='bbox 869 4188 939 4260; x_wconf 72' lang='lat' dir='ltr'><strong>Stpe</strong></span> <span class='ocrx_word' id='word_1_308' title='bbox 954 4207 983 4239; x_wconf 88' lang='lat' dir='ltr'><strong>eo</strong></span> <span class='ocrx_word' id='word_1_309' title='bbox 996 4185 1106 4239; x_wconf 80' lang='lat' dir='ltr'><strong>alludere</strong></span> <span class='ocrx_word' id='word_1_310' title='bbox 1124 4185 1206 4238; x_wconf 85' lang='lat' dir='ltr'><strong>scient</strong></span> <span class='ocrx_word' id='word_1_311' title='bbox 1224 4199 1340 4248; x_wconf 81' lang='lat' dir='ltr'><strong>veteres,</strong></span> <span class='ocrx_word' id='word_1_312' title='bbox 1359 4206 1384 4236; x_wconf 81' lang='lat' dir='ltr'><strong>e.</strong></span> 
     </span>
    </p>
   </div>
   <div class='ocr_carea' id='block_1_7' title="bbox 0 0 1492 4992">
    <p class='ocr_par' dir='ltr' id='par_1_9' title="bbox 0 0 1492 4992">
     <span class='ocr_line' id='line_1_37' title="bbox 0 0 1492 4992; baseline 0 0"><span class='ocrx_word' id='word_1_313' title='bbox 0 0 1492 4992; x_wconf 95' lang='lat' dir='ltr'><strong> </strong></span> 
     </span>
    </p>
   </div>
  </div>
 </body>
</html>
