2975 4992
304 396 367 473 ‚ss
585 393 1079 477 L.ANNAE18ENECAE

300 526 364 604 scit
376 522 539 613 affectus;
555 538 622 593 tam
635 548 676 595 ex
692 548 808 617 amore
824 526 993 613 nascitur,
1005 548 1107 618 quam
1125 546 1167 593 ex
1179 523 1280 613 odio,
1297 550 1372 603 non

299 640 411 711 minus
421 641 512 713 inter
522 642 630 733 seria,
643 664 746 733 quam
758 642 850 711 inter
861 640 954 731 lusus
967 656 1002 709 et
1010 641 1117 735 jocos.
1128 644 1200 711 Nec
1209 642 1370 726 interest,

299 777 341 823 ex
354 779 456 849 quam
469 779 592 849 magna
603 780 703 848 causo
715 772 895 843 nascatur,
912 756 1023 832 sedin
1040 757 1177 850 qualem
1190 758 1375 851 perveniat

300 871 463 963 animum.
480 871 537 939 sie
549 872 639 965 ignis
650 894 719 963 non
732 871 838 940 refert
851 896 952 963 qtram
970 896 1131 965 maguus,
1148 871 1210 941 sed
1223 897 1292 965 qun
1309 874 1372 941 in·

301 985 392 1055 cidnt
407 988 616 1056 :nemetiam
626 989 806 1056 maximum
816 987 1002 1057 solidanon
1011 1006 1235 1084 receperunt3
1248 1014 1373 1062 rursus

300 1100 418 1189 arida,
437 1119 471 1171 et
489 1105 616 1198 corripi
635 1104 767 1188 facilia,
785 1105 964 1174 scintillam
980 1129 1118 1199 quoque
1133 1106 1248 1175 lovent
1260 1130 1374 1199 usque

302 1218 340 1311 in
362 1216 570 1299 incendium.
591 1222 643 1289 Ita
664 1236 739 1304 est,
761 1222 807 1289 mi
828 1222 961 1305 Lucili,
988 1223 1138 1315 ingentis
1157 1224 1217 1292 irae
1231 1224 1372 1301 exitus,

300 1332 396 1431 furor
416 1349 468 1423 est
495 1361 504 1401 ε
534 1350 568 1403 et
593 1335 669 1432 ideo
686 1338 739 1405 ira
763 1336 903 1407 vitanda
928 1354 979 1407 cst
991 1388 1004 1423 ,
1033 1361 1103 1407 non
1126 1338 1375 1409 moderationis

300 1471 423 1543 causa,
445 1448 504 1544 sed
523 1452 674 1520 sanitatis
685 1463 708 1519 ¹.
732 1452 827 1521 Vale.
939 1538 944 1548 ·

336 1662 357 1695 ι.
373 1642 435 1696 Νοη
445 1630 632 1697 moderationis
644 1664 741 1711 causo,
761 1647 811 1699 sed
858 1646 917 1699 dem
924 1645 1015 1718 aliquis
1026 1661 1121 1721 posset,
1136 1645 1292 1700 intercidisse
1304 1644 1376 1699 olim

301 1723 431 1781 sanitatis.
439 1721 665 1779 Nilmutentlibri.
675 1721 741 1776 Vide
750 1724 811 1777 Not.
860 1745 950 1778 votem
977 1726 1056 1778 modo
1083 1737 1142 1778 ante
1172 1728 1377 1779 modemtiom's.

301 1800 389 1874 udEp.
402 1814 470 1867 viu,
483 1798 813 1876 §21,14.Suspieeriqui-
861 1801 944 1856 Schae.
1055 1868 1064 1879 ·

303 1992 1376 2035 W

602 2166 912 2273 susuoaa
940 2176 1067 2288 iux,

770 2358 905 2381 n*-

565 2506 647 2571 'oum
662 2520 742 2562 sarr
759 2519 899 2570 oureus
916 2518 1097 2561 conmori.

332 2648 493 2718 pmittendas
503 2660 547 2701 aut
556 2646 708 2721 abjiciendus
718 2667 770 2701 esse
777 2660 865 2708 monet
876 2648 1054 2717 occupationes
1062 2660 1103 2715 ,et
1111 2647 1192 2704 otium
1202 2647 1378 2722 repandum,

300 2733 345 2800 sed
355 2733 450 2795 otium,
462 2750 514 2783 nou
526 2730 640 2785 latebras.
652 2734 719 2784 Nam
730 2731 790 2791 satis
801 2731 846 2784 dia
858 2730 886 2783 in
896 2744 954 2785 ectu
970 2730 1045 2783 luisse
1064 2730 1206 2795 Lucilium,
1225 2729 1332 2799 adiicit,
1346 2740 1384 2789 ut

300 2808 367 2871 recte
380 2817 459 2869 otium
472 2819 589 2891 praeserre
601 2816 677 2889 possit
687 2854 695 2881 ,
707 2816 777 2887 quod
788 2828 873 2869 tamen
882 2836 935 2868 non
947 2835 1048 2888 prorsus
1057 2815 1089 2868 ab
1100 2828 1158 2869 actu
1172 2835 1231 2867 eum
1241 2815 1380 2867 dimovere

300 2902 398 2967 debeat.
414 2902 535 2955 Hortatur
546 2902 644 2972 itaque,
658 2913 687 2953 nt
700 2900 731 2953 sb
746 2898 803 2953 sule
821 2915 846 2953 et
855 2900 989 2974 splendore
1005 2900 1094 2967 abest,
1105 2901 1199 2974 quippe
1211 2899 1335 2953 tumultus
1351 2912 1383 2953 et

301 2987 391 3041 fluctus
402 3006 460 3040 suos
471 2986 587 3040 hebuerit.
599 2985 717 3040 Clausuls
728 2985 761 3039 ab
773 2985 885 3067 Epicuro
897 2997 935 3039 est
943 3004 950 3038 τ
959 2984 1028 3037 Vide
1039 2985 1189 3057 quibuscum
1199 3003 1286 3065 mmm
1296 3004 1381 3037 eom-

302 3071 426 3123 munires.

587 3182 697 3218 sennua
715 3180 843 3219 nucrnro
861 3182 916 3219 suo
934 3182 1078 3231 susurru.

351 3317 533 3384 Exsunr'o
554 3316 688 3407 quoties
699 3314 857 3408 epistolas
866 3330 947 3413 'tuas
959 3314 1090 3407 accipio
1104 3338 1112 3379 ε
1125 3312 1269 3405 implent
1278 3313 1378 3379 enim

303 3456 357 3501 me
369 3432 459 3501 bona
469 3455 528 3525 spe
541 3458 552 3519 ς
567 3448 602 3500 et
610 3432 681 3525 jam
694 3456 764 3501 non
774 3432 976 3525 promittuut
987 3428 1032 3497 de
1045 3446 1096 3509 te,
1114 3428 1174 3497 sed
1186 3427 1373 3522 spondent.

304 3551 357 3618 Ita
373 3545 444 3619 fac!
467 3573 526 3617 oro
545 3565 647 3655 atque
668 3548 807 3616 obsecro
833 3573 841 3613 :
863 3544 947 3638 quid
968 3546 1060 3613 enim
1086 3545 1196 3613 habeo
1224 3545 1374 3628 melius,

304 3662 398 3757 quod
423 3664 569 3733 amicum
594 3687 734 3756 rogem,
766 3686 868 3753 quom
887 3660 979 3752 quod
1003 3685 1066 3754 pro
1094 3662 1167 3753 ipso
1190 3674 1380 3753 rogaturus

304 3780 405 3849 sum?
420 3780 448 3847 si
462 3794 558 3874 potes
574 3828 583 3859 ,
600 3778 778 3847 subducte
791 3778 863 3845 istis
879 3776 1158 3870 occupationibus
1170 3779 1195 3857 ¹,
1212 3776 1239 3842 si
1258 3776 1382 3843 minus

341 4020 361 4053 ι.
369 3997 477 4053 Subduc
486 4008 509 4051 te
517 4001 576 4052 istis
587 3998 812 4065 occupationibus,
848 3996 895 4051 .de
909 4008 990 4048 morte
1003 3994 1165 4068 rogitandum
1176 3995 1222 4060 sit,
1233 4014 1312 4064 qnare
1323 3995 1381 4046 ed-

304 4098 362 4149 qure
377 4076 505 4132 Lucilium
520 4075 615 4130 Sicilie
628 4087 814 4149 procuratorem
862 4073 918 4147 jicit
928 4074 1011 4129 infra:
1021 4094 1080 4128 resa
1090 4093 1142 4127 esse
1153 4072 1314 4146 colligendq,
1328 4084 1381 4127 etc.

307 4154 470 4233 distinebant.
486 4154 607 4209 Senectus
617 4152 816 4222 enimedest,ut
864 4151 954 4219 mark.
