2975 4992
230 755 394 844 FRlD.
426 757 671 846 ERNESTI
698 759 1023 848 RUHKOPFII

429 1060 482 1112 Al)
499 1062 528 1113 1.
546 1061 670 1114 ANNAEl
686 1061 838 1116 SENECAE

94 1339 652 1488 EPISTOLAS
695 1339 1159 1490 MORALES

442 1739 831 1912 PttAEFATIO.

545 2093 731 2118 ...oo-..-

91 2425 137 2528 St
146 2469 176 2528 in
187 2467 346 2552 epistolis,
359 2489 437 2550 quas
445 2463 535 2529 soffia
545 2489 581 2530 es
590 2465 764 2550 antiquitate
773 2485 869 2552 graeca
881 2466 929 2530 rel
937 2482 1065 2530 romana
1076 2482 1172 2532 trans·

79 2576 188 2635 ‘rums
212 2576 408 2657 gaudemus,
425 2574 617 2658 reperiantur
633 2594 698 2656 quur
712 2593 820 2658 magno
834 2572 951 2638 honore
969 2573 1066 2658 digne
1089 2575 1175 2670 sint,¹

89 2681 121 2742 iis
131 2695 219 2745 certe·
228 2703 298 2762 onae
312 2679 439 2744 Seuere
452 2679 623 2742 tribuuntur
632 2679 817 2766 precipuum
838 2679 940 2744 locum
956 2681 1171 2766 assignandum

90 2809 166 2863 esse,
186 2785 347 2850 monneto
366 2785 478 2870 opinor
493 2785 545 2868 qui
566 2798 655 2870 neget
677 2784 815 2848 inveniri
830 2783 901 2848 Sive
923 2786 1006 2849 euim
1018 2787 1058 2850 ad
1074 2788 1171 2852 animi

91 2892 354 2968 emendationem,
370 2913 463 2974 quant
476 2891 546 2952 inde
559 2890 761 2966 nanciscaris,
783 2905 923 2954 accurate
937 2889 1066 2975 legendo
1082 2915 1172 2956 erse-

89 3021 197 3079 queos,
215 2998 425 3081 spectaretis,
440 2997 504 3060 sive
521 2995 644 3080 ingenii
654 2995 871 3078 expolitionem
892 3010 923 3059 et
936 2997 1087 3062 'culturam
1101 3013 1169 3062 tra-

91 3121 166 3166 ctare
188 3103 304 3181 malis,
330 3101 412 3164 ltantl
436 3101 491 3164 ulli
511 3115 648 3164 veterum
668 3099 997 3188 Epistolographorurn
1021 3101 1170 3168 Senecam

90 3213 194 3274 virtute
212 3213 382 3274 secundum
402 3224 523 3273 statues.
539 3209 640 3272 Tanta
662 3224 708 3272 est
726 3209 856 3294 dignitas
868 3210 1059 3294 gravitasque
1076 3233 1170 3296 argu-

90 3335 282 3386 mentorum.
297 3307 435 3400 quaesibi
445 3318 623 3400 exponenda
633 3317 778 3400 sumpsit,
793 3315 919 3380 cuilibet
935 3317 1028 3392 conlo,
1047 3318 1171 3382 cuilibet

88 3425 246 3488 lominum
271 3423 379 3508 generi
402 3423 718 3499 accommodatarum,
740 3422 852 3506 quippe
867 3443 933 3504 quse
953 3423 1168 3508 philosophum

86 3535 255 3594 anticumve
270 3550 416 3613 semper,
429 3547 501 3590 raro
514 3541 567 3590 ant
580 3549 733 3610 nunqnam
743 3526 900 3590 hominem
910 3549 1077 3592 romanum
1083 3531 1168 3594 relc-

87 3654 159 3700 nint.
180 3637 316 3700 Summa
337 3635 421 3698 enim
437 3654 510 3698 eura
524 3634 557 3695 id
572 3631 622 3717 agi
638 3633 790 3709 ridemus,
814 3646 847 3695 ut
868 3633 987 3697 animus
1008 3633 1167 3720 legentisa
1261 3699 1267 3716 ,

86 3748 265 3826 judiciorum
283 3743 488 3824 vitiorumque
501 3739 687 3804 anfractibus
698 3753 846 3804 retractos
860 3741 891 3802 in
902 3753 1018 3806 rectum
1031 3741 1165 3822 virtutis,

86 3867 114 3914 at
124 3865 241 3934 quantae
259 3848 399 3912 virtutis?
415 3846 570 3908 tramitem
583 3847 758 3920 deducatur,
776 3859 807 3910 et
820 3848 918 3924 reris,
935 3849 1053 3934 magnis
1069 3851 1167 3915 atilio-

87 3961 223 4041 sonisque
238 3955 399 4020 sententiis
414 3966 445 4016 et
458 3953 615 4036 preceptis
631 3953 791 4016 instructus
809 3952 880 4018 Deo
901 3955 1025 4039 dignum
1036 3979 1068 4020 se
1084 3981 1165 4042 prte-

86 4080 157 4130 stare
171 4068 279 4129 disca
289 4063 393 4125 Tanta
407 4060 440 4123 ri
455 4073 485 4123 ot
498 4059 657 4124 severitate
667 4060 705 4123 tle
715 4059 859 4144 <lignitate
874 4059 1026 4141 hominis,
1039 4065 1165 4148 ejusque

86 4174 190 4260 origine
205 4173 331 4250 divina,
346 4181 442 4251 atque
456 4167 494 4230 tle
508 4166 605 4230 stntlin
620 4166 739 4248 fineque
756 4166 956 4252 philosophiae
970 4183 1052 4234 recto
1066 4171 1166 4238 lecto-

86 4305 142 4348 rem
153 4287 322 4357 monet,
339 4291 376 4341 ut
391 4275 477 4338 hisce
491 4275 628 4359 epistolis
640 4275 720 4338 nihil
726 4275 815 4339 facile
829 4275 981 4342 ellicacius
990 4280 1115 4363 cogitari
1126 4285 1164 4344 ad
