2975 4992
417 416 682 487 EPISTULA
704 416 826 485 LXV.
1024 438 1028 444 ’
1092 418 1160 513 399

98 554 178 619 rium
195 550 331 619 lumen¹
352 547 503 631 habmrt,
522 548 558 617 in
574 547 750 641 publicum
766 546 960 642 prodeunt,
981 564 1016 617 et
1034 551 1073 619 in
1089 548 1161 619 eli-

97 692 157 759 qus
175 668 317 759 regione
335 664 380 735 ed
398 664 515 759 populi
533 666 637 735 otium
656 662 811 733 dedioutu
828 665 944 735 oeulos
959 664 1069 736 libero
1083 666 1167 739 looe'

95 782 263 851 delectent
287 782 362 849 :sio
384 780 516 847 animus
528 779 566 847 in
586 776 653 847 hoo
667 778 756 845 tristi
772 793 807 846 et
825 777 969 847 obscuro
986 775 1159 851 domicilio

94 899 227 982 elusus,
252 899 384 991 quoties
403 912 537 989 potest,
559 909 715 988 apertum
732 896 839 989 petit,
856 912 892 965 et
910 898 947 965 in
966 920 1081 965 rerum
1095 919 1160 966 ne·
1277 932 1287 945 ·

95 1034 173 1085 tore
205 1014 488 1108 contemplatione
512 1012 708 1103 requiescit.
738 1014 880 1106 Sopiens
909 1029 1159 1106 assectatorque
1186 1028 1216 1080 ιε

94 1134 266 1227 sapientie
285 1131 438 1201 adhaenet
454 1128 592 1223 quidem
617 1130 653 1197 in
677 1150 821 1221 corpore
847 1153 926 1216 su03
950 1128 1010 1200 sed
1033 1131 1160 1223 optime

93 1251 139 1317 sui
162 1266 265 1343 purte
281 1248 397 1329 obest,
422 1262 457 1315 et
474 1244 694 1338 cogitationes
712 1267 791 1313 suns
805 1245 851 1313 nd
870 1246 1027 1315 sublimio
1042 1248 1161 1316 inten-

93 1366 139 1434 dit
155 1394 164 1433 :
183 1366 278 1435 velut
291 1378 498 1434 scemmento
512 1378 650 1457 rogetus
660 1366 688 1446 ²,
703 1360 787 1443 hoe,
806 1362 901 1453 quod
912 1363 1021 1448 vivit,
1035 1364 1161 1457 stipen-

93 1482 185 1549 dium
202 1494 321 1575 potat,
343 1496 378 1548 et
404 1480 451 1547 ito
474 1478 633 1547 formatus
649 1493 719 1560 est,
735 1494 774 1545 ut
791 1478 842 1545 illi
864 1502 930 1547 neo
947 1503 1042 1549 umor
1056 1482 1157 1566 vitm,

94 1619 152 1663 nee
172 1594 290 1663 odium
308 1596 372 1679 sit,
389 1593 586 1686 petiturque
603 1590 756 1659 mortalia
767 1583 794 1674 ³,
818 1594 974 1683 quumvis
990 1594 1074 1664 scint
1086 1618 1159 1661 nm·

93 1713 199 1805 pliorn
223 1733 414 1804 superesse.
441 1707 621 1779 Interdicis
641 1708 726 1777 mihi
751 1704 1019 1802 inspectionem⁴
1046 1734 1159 1779 rerum
1189 1748 1219 1801 19

94 1846 246 1913 nature,
270 1852 312 1897 eo
329 1844 400 1896 toto
421 1826 604 1895 obdocmm
626 1823 756 1919 redigit
773 1828 811 1893 in
825 1844 956 1919 purtem
969 1829 984 1895 l
999 1831 1070 1921 Fgo
1091 1854 1161 1897 non

93 1968 264 2039 quaernm,
287 1968 361 2037 quae
380 1943 447 2010 sint
466 1942 566 2009 initio
584 1942 847 2013 universorum?
863 1942 941 2033 quis
954 1965 1067 2011 terum
1090 1944 1163 2012 fori·

93 2072 198 2131 motor
214 2062 231 2129 Ρ
246 2062 326 2152 quis
347 2059 460 2127 omnia
485 2057 523 2125 in
543 2080 648 2125 unum
674 2048 822 2139 merso⁵,
850 2071 886 2125 et
902 2059 1043 2127 muteris
1059 2060 1161 2129 inerti

94 2178 295 2256 convolute,
313 2174 513 2243 discreverit
525 2174 540 2241 l
551 2174 627 2241 Non
642 2194 811 2263 quaemm,
826 2174 905 2264 quis
916 2175 960 2242 sit
973 2176 1070 2243 istius
1081 2177 1163 2243 erti-

94 2294 145 2361 lex
167 2290 318 2362 mundi?
343 2312 410 2382 qun
436 2289 568 2357 ratione
593 2300 683 2353 tanta
708 2286 904 2377 magnitudo
928 2290 965 2357 in
988 2289 1098 2384 legem
1127 2307 1163 2360 et

96 2408 250 2477 ordinem
278 2405 435 2473 venerit?
457 2405 535 2495 quis
560 2424 675 2495 sparso
701 2400 899 2494 collegerit,
927 2404 1067 2474 confuse
1091 2405 1162 2475 dis-

95 2686 173 2749 nusti,
188 2702 301 2755 qnorum
319 2681 404 2735 nullus
421 2679 487 2733 lieno
501 2680 602 2751 prefert
682 2674 864 2741 &Patiturque
871 2674 1162 2751 mortois'o,i.e.pstitnr

95 2764 255 2836 scripturum
279 2760 324 2815 sed
345 2758 520 2825 alii,01nim
540 2776 601 2809 voce
650 2771 703 2816 es,
725 2771 781 2823 qnae
804 2752 905 2805 homini
925 2754 1038 2807 accidere
1058 2756 1161 2823 solent,

94 2862 164 2911 qua,
176 2841 275 2895 habent
281 2842 318 2893 rei
323 2838 392 2891 subt·
403 2838 540 2889 interdicere
547 2852 603 2889 oso·
651 2830 766 2901 quamvis
777 2830 915 2903 ampliore,
925 2850 982 2902 quae
990 2826 1126 2884 imminent
1135 2834 1163 2885 in

93 2924 132 2973 Ios
147 2920 313 2991 defatigatum
331 2915 390 2985 atii,
408 2916 446 2967 ni
460 2913 527 2965 subt.
543 2930 602 2983 pua
650 2908 699 2963 alis
709 2908 777 2974 vin,
793 2908 861 2961 sciat.
878 2910 933 2962 Nee
946 2923 1030 2963 tamon
1043 2910 1102 2963 ideo
1118 2910 1163 2963 vi-

94 3000 229 3051 intentione
242 2996 329 3049 owlos
343 2992 487 3066 &sawt
497 2989 542 3043 olii
551 2990 602 3043 de·
651 2996 702 3039 tam
717 2985 852 3059 abrumpit.
863 2984 952 3039 Roth.

94 3078 168 3149 nipse
183 3096 243 3131 cum
260 3075 320 3131 edd.
335 3086 394 3127 vett.
408 3076 445 3129 ni
457 3072 600 3125 subtilioris
683 3066 1164 3136 4.1nspeotonem.sietlmmi‚1’in-

93 3162 244 3227 inspectorrs
252 3194 261 3219 ,
276 3174 335 3225 qua
351 3154 409 3224 (qui
419 3150 459 3207 ed.
470 3153 506 3205 A.
520 3162 544 3203 st
554 3169 600 3203 ros.
650 3144 716 3197 cisni
727 3144 880 3216 Gruterique
893 3145 966 3198 codd.
980 3145 1081 3199 Firmst
1094 3144 1163 3199 Gro-

92 3238 126 3299 r.)
138 3236 277 3290 emmone
287 3235 372 3285 oculos
384 3231 517 3302 defatigat.
526 3224 601 3283 Unde
650 3222 741 3277 novius
760 3221 792 3275 nd
812 3220 918 3295 Epistol.
936 3237 1022 3285 svin,
1045 3243 1091 3289 ro,
1108 3235 1163 3297 post

96 3312 251 3385 perspicuum
262 3308 338 3362 nobis
351 3306 493 3369 videbstor,
508 3301 601 3359 inullis
651 3298 801 3364 Gruterum,
814 3298 857 3369 qui
866 3316 872 3350 ι
881 3298 1005 3367 sicceris,
1017 3300 1065 3363 sit,
1079 3300 1162 3371 loqui·

96 3403 185 3444 umere
194 3388 319 3443 omissum
330 3381 499 3437 luissevoesb.
511 3385 602 3451 inspe-
650 3398 708 3431 mor
719 3377 807 3431 latine.
824 3376 920 3429 &neos
931 3378 1020 3430 saltem
1035 3375 1082 3430 hac
1095 3398 1163 3431 coo-

94 3470 184 3532 ctioue,
198 3468 226 3520 in
239 3465 297 3519 aliis
312 3462 340 3515 in
357 3465 506 3529 inspectores
516 3470 603 3511 mutt-
652 3456 789 3509 structione
811 3472 908 3527 semper
932 3456 984 3507 lere
1004 3454 1163 3508 utitur.1n-

96 3558 155 3597 tnm.
167 3544 250 3599 Schts.
653 3540 779 3605 spectione
788 3546 824 3587 est
837 3553 851 3585 n
863 3534 972 3587 Murrio.
985 3534 1075 3589 Ruit.

132 3642 150 3674 ι.
167 3624 324 3677 Pretorium
339 3620 433 3671 imum.
451 3612 528 3666 Verie
547 3631 612 3669 eor-‚
686 3612 1162 3684 5-Inurstsmmerso.l)erperamvulgo

97 3712 193 3769 ruptnm
204 3700 233 3750 in
243 3695 315 3750 libris
325 3714 332 3749 ι
342 3694 386 3748 sed
398 3692 446 3745 hoc
454 3702 550 3745 rectum
559 3701 601 3741 est.
651 3698 679 3745 in
688 3712 741 3743 una
753 3711 846 3745 messa
859 3711 888 3743 ex
899 3690 992 3742 Mureti
1001 3688 1114 3761 ingenio·
1126 3692 1162 3741 In

97 3776 239 3833 Pretorium
252 3786 334 3827 autern
347 3768 600 3837 lomen‚modicusn,
651 3790 732 3823 unum
750 3788 836 3821 narso
854 3767 925 3820 dedit
944 3786 1010 3819 nnns
1029 3765 1085 3817 cod.
1107 3764 1161 3816 Pal.

98 3874 147 3907 non
160 3855 270 3924 iustum,
284 3851 504 3919 etutsolentquts
517 3844 602 3918 prccl-
652 3868 698 3899 sec.
717 3848 819 3901 Poterat
840 3844 919 3897 teneri
940 3846 967 3895 in
985 3862 1036 3895 um
1056 3860 1160 3909 merso,

98 3934 140 3987 lrns
151 3934 325 4007 impetrantur.
335 3928 452 3999 Lipsius.
652 3924 720 3995 quod
735 3943 792 3977 enm
807 3922 846 3974 ed.
861 3924 897 3975 A.
916 3934 939 3974 et
954 3922 1052 3973 hum.
1068 3917 1161 3970 dabant

128 4032 150 4065 n.
161 4010 331 4067 Socmmenlo
344 4018 462 4079 rogatus,
480 4006 515 4059 its
527 4022 600 4077 supro
649 4001 742 4073 reliqui
759 4002 828 4053 rossti
843 4016 949 4053 omnes:
966 4019 1013 4053 nec
1025 3997 1096 4050 uliud
1115 3996 1161 4049 de-

98 4087 203 4155 dictum,
214 4092 297 4141 sitam
305 4086 428 4139 militium
437 4103 498 4139 esse.
508 4082 547 4135 Cl.
557 4080 603 4154 Ep.
652 4079 740 4131 berrat
750 4078 789 4131 ed.
801 4079 835 4132 lt.
844 4078 871 4131 in
881 4097 930 4147 qno
941 4088 975 4130 est
985 4081 1038 4130 imo
1046 4096 1091 4149 pro
1102 4094 1161 4127 uno.

99 4181 136 4233 u,
149 4171 163 4221 5
175 4178 228 4220 not.
242 4165 332 4219 Ruit.
653 4154 732 4211 Scdw.
