<?xml version="1.0" encoding="UTF-8"?>
<!DOCTYPE html PUBLIC "-//W3C//DTD XHTML 1.0 Transitional//EN"
    "http://www.w3.org/TR/xhtml1/DTD/xhtml1-transitional.dtd">
<html xmlns="http://www.w3.org/1999/xhtml" xml:lang="en" lang="en">
 <head>
  <title>
</title>
<meta http-equiv="Content-Type" content="text/html;charset=utf-8" />
  <meta name='ocr-system' content='tesseract 3.04.00' />
  <meta name='ocr-capabilities' content='ocr_page ocr_carea ocr_par ocr_line ocrx_word'/>
</head>
<body>
  <div class='ocr_page' id='page_1' title='image "./lannsenecparspr03bouigoog_0635.png"; bbox 0 0 2975 4992; ppageno 0'>
   <div class='ocr_carea' id='block_1_1' title="bbox 321 500 1148 571">
    <p class='ocr_par' dir='ltr' id='par_1_1' title="bbox 321 500 1148 571">
     <span class='ocr_line' id='line_1_1' title="bbox 321 500 1148 571; baseline 0.002 -2"><span class='ocrx_word' id='word_1_1' title='bbox 321 500 592 571; x_wconf 80' lang='lat' dir='ltr'><strong>EPISTOLA</strong></span> <span class='ocrx_word' id='word_1_2' title='bbox 616 500 888 570; x_wconf 83' lang='lat' dir='ltr'>LXXXVIII.</span> <span class='ocrx_word' id='word_1_3' title='bbox 1079 504 1148 571; x_wconf 74' lang='lat'>625</span> 
     </span>
    </p>
   </div>
   <div class='ocr_carea' id='block_1_2' title="bbox 63 616 1164 4241">
    <p class='ocr_par' dir='ltr' id='par_1_2' title="bbox 86 616 1151 1031">
     <span class='ocr_line' id='line_1_2' title="bbox 88 616 1151 701; baseline -0.011 -7"><span class='ocrx_word' id='word_1_4' title='bbox 88 638 130 694; x_wconf 89' lang='lat' dir='ltr'>niti</span> <span class='ocrx_word' id='word_1_5' title='bbox 138 635 296 689; x_wconf 78' lang='lat' dir='ltr'>instrumenta</span> <span class='ocrx_word' id='word_1_6' title='bbox 307 626 396 681; x_wconf 84' lang='lat' dir='ltr'>baberi</span> <span class='ocrx_word' id='word_1_7' title='bbox 406 616 521 681; x_wconf 83' lang='lat' dir='ltr'>debeant.</span> <span class='ocrx_word' id='word_1_8' title='bbox 537 627 621 697; x_wconf 82' lang='lat' dir='ltr'>Quid,</span> <span class='ocrx_word' id='word_1_9' title='bbox 633 626 703 699; x_wconf 92' lang='lat' dir='ltr'>quod</span> <span class='ocrx_word' id='word_1_10' title='bbox 715 626 769 701; x_wconf 89' lang='lat' dir='ltr'>ipss</span> <span class='ocrx_word' id='word_1_11' title='bbox 779 624 941 699; x_wconf 81' lang='lat' dir='ltr'>pbilosophis</span> <span class='ocrx_word' id='word_1_12' title='bbox 951 625 1008 679; x_wconf 86' lang='lat' dir='ltr'>sine</span> <span class='ocrx_word' id='word_1_13' title='bbox 1018 626 1070 681; x_wconf 87' lang='lat' dir='ltr'>illis</span> <span class='ocrx_word' id='word_1_14' title='bbox 1081 648 1151 682; x_wconf 85' lang='lat' dir='ltr'>eon-</span> 
     </span>
     <span class='ocr_line' id='line_1_3' title="bbox 87 710 1151 791; baseline -0.01 -13"><span class='ocrx_word' id='word_1_15' title='bbox 87 738 138 778; x_wconf 87' lang='lat' dir='ltr'>stare</span> <span class='ocrx_word' id='word_1_16' title='bbox 150 724 240 791; x_wconf 85' lang='lat' dir='ltr'>potest,</span> <span class='ocrx_word' id='word_1_17' title='bbox 252 730 311 785; x_wconf 73' lang='lat' dir='ltr'>qum</span> <span class='ocrx_word' id='word_1_18' title='bbox 323 730 403 781; x_wconf 83' lang='lat' dir='ltr'>quum</span> <span class='ocrx_word' id='word_1_19' title='bbox 415 712 585 787; x_wconf 75' lang='lat' dir='ltr'>curiositatem</span> <span class='ocrx_word' id='word_1_20' title='bbox 597 731 663 786; x_wconf 84' lang='lat' dir='ltr'>stepe</span> <span class='ocrx_word' id='word_1_21' title='bbox 673 711 793 765; x_wconf 86' lang='lat' dir='ltr'>inutilem</span> <span class='ocrx_word' id='word_1_22' title='bbox 804 722 938 779; x_wconf 71' lang='lat' dir='ltr'>moveant,</span> <span class='ocrx_word' id='word_1_23' title='bbox 951 710 1067 766; x_wconf 84' lang='lat' dir='ltr'>animum</span> <span class='ocrx_word' id='word_1_24' title='bbox 1079 713 1151 767; x_wconf 91' lang='lat' dir='ltr'>deti-</span> 
     </span>
     <span class='ocr_line' id='line_1_4' title="bbox 86 788 1151 871; baseline -0.01 -10"><span class='ocrx_word' id='word_1_25' title='bbox 86 817 138 861; x_wconf 85' lang='lat' dir='ltr'>nent</span> <span class='ocrx_word' id='word_1_26' title='bbox 152 815 175 856; x_wconf 90' lang='lat' dir='ltr'>et</span> <span class='ocrx_word' id='word_1_27' title='bbox 186 796 257 853; x_wconf 80' lang='lat' dir='ltr'>abiis</span> <span class='ocrx_word' id='word_1_28' title='bbox 268 795 436 862; x_wconf 85' lang='lat' dir='ltr'>abstrabunt,</span> <span class='ocrx_word' id='word_1_29' title='bbox 448 816 505 867; x_wconf 71' lang='lat' dir='ltr'>qum</span> <span class='ocrx_word' id='word_1_30' title='bbox 516 796 627 849; x_wconf 83' lang='lat' dir='ltr'>maxime</span> <span class='ocrx_word' id='word_1_31' title='bbox 641 796 706 850; x_wconf 85' lang='lat' dir='ltr'>scitu</span> <span class='ocrx_word' id='word_1_32' title='bbox 722 794 805 869; x_wconf 73' lang='lat' dir='ltr'>digua</span> <span class='ocrx_word' id='word_1_33' title='bbox 822 808 889 850; x_wconf 85' lang='lat' dir='ltr'>suut.</span> <span class='ocrx_word' id='word_1_34' title='bbox 907 795 996 848; x_wconf 85' lang='lat' dir='ltr'>Sextus</span> <span class='ocrx_word' id='word_1_35' title='bbox 1007 788 1151 871; x_wconf 81' lang='lat' dir='ltr'>Empiricos</span> 
     </span>
     <span class='ocr_line' id='line_1_5' title="bbox 88 879 1150 963; baseline -0.006 -23"><span class='ocrx_word' id='word_1_36' title='bbox 88 894 136 963; x_wconf 57' lang='grc' dir='ltr'>ηις</span> <span class='ocrx_word' id='word_1_37' title='bbox 154 886 204 947; x_wconf 65' lang='grc' dir='ltr'>τοὺς</span> <span class='ocrx_word' id='word_1_38' title='bbox 219 882 392 952; x_wconf 66' lang='grc' dir='ltr'>μαθηματικοὺς</span> <span class='ocrx_word' id='word_1_39' title='bbox 402 879 597 954; x_wconf 75' lang='lat' dir='ltr'>(dogmaticos)</span> <span class='ocrx_word' id='word_1_40' title='bbox 612 880 704 935; x_wconf 88' lang='lat' dir='ltr'>eodem</span> <span class='ocrx_word' id='word_1_41' title='bbox 715 879 812 948; x_wconf 86' lang='lat' dir='ltr'>modo,</span> <span class='ocrx_word' id='word_1_42' title='bbox 832 900 884 950; x_wconf 88' lang='lat' dir='ltr'>quo</span> <span class='ocrx_word' id='word_1_43' title='bbox 899 879 1012 948; x_wconf 80' lang='lat' dir='ltr'>Seneca,</span> <span class='ocrx_word' id='word_1_44' title='bbox 1026 880 1150 935; x_wconf 71' lang='lat' dir='ltr'>besanes</span> 
     </span>
     <span class='ocr_line' id='line_1_6' title="bbox 86 968 226 1031; baseline 0.014 -12"><span class='ocrx_word' id='word_1_45' title='bbox 86 998 98 1031; x_wconf 78' lang='lat'><strong>0</strong></span> <span class='ocrx_word' id='word_1_46' title='bbox 185 968 226 1021; x_wconf 68' lang='lat' dir='ltr'>Vll·</span> 
     </span>
    </p>

    <p class='ocr_par' dir='ltr' id='par_1_3' title="bbox 74 990 1164 2979">
     <span class='ocr_line' id='line_1_7' title="bbox 99 990 1150 1127; baseline -0.002 -20"><span class='ocrx_word' id='word_1_47' title='bbox 99 990 292 1127; x_wconf 51' lang='lat' dir='ltr'>pffitiouem,</span> <span class='ocrx_word' id='word_1_48' title='bbox 306 1070 384 1122; x_wconf 86' lang='lat' dir='ltr'>quam</span> <span class='ocrx_word' id='word_1_49' title='bbox 400 1049 429 1103; x_wconf 86' lang='lat' dir='ltr'>in</span> <span class='ocrx_word' id='word_1_50' title='bbox 441 1048 489 1104; x_wconf 86' lang='lat' dir='ltr'>bae</span> <span class='ocrx_word' id='word_1_51' title='bbox 505 1050 611 1120; x_wconf 85' lang='lat' dir='ltr'>epistola</span> <span class='ocrx_word' id='word_1_52' title='bbox 622 1050 674 1105; x_wconf 86' lang='lat' dir='ltr'>sibi</span> <span class='ocrx_word' id='word_1_53' title='bbox 687 1052 843 1119; x_wconf 63' lang='lat' dir='ltr'>trsotqndam</span> <span class='ocrx_word' id='word_1_54' title='bbox 855 1051 962 1125; x_wconf 85' lang='lat' dir='ltr'>sumpsit</span> <span class='ocrx_word' id='word_1_55' title='bbox 973 1052 1086 1117; x_wconf 82' lang='lat' dir='ltr'>Seneca,</span> <span class='ocrx_word' id='word_1_56' title='bbox 1097 1052 1150 1124; x_wconf 82' lang='lat' dir='ltr'>jam</span> 
     </span>
     <span class='ocr_line' id='line_1_8' title="bbox 85 1130 1152 1213; baseline -0.006 -18"><span class='ocrx_word' id='word_1_57' title='bbox 85 1136 252 1213; x_wconf 73' lang='lat' dir='ltr'>antiquioribus</span> <span class='ocrx_word' id='word_1_58' title='bbox 266 1132 441 1208; x_wconf 72' lang='lat' dir='ltr'>temporibus,</span> <span class='ocrx_word' id='word_1_59' title='bbox 462 1132 526 1203; x_wconf 90' lang='lat' dir='ltr'>quin</span> <span class='ocrx_word' id='word_1_60' title='bbox 544 1130 636 1187; x_wconf 86' lang='lat' dir='ltr'>adeoa</span> <span class='ocrx_word' id='word_1_61' title='bbox 654 1132 757 1187; x_wconf 85' lang='lat' dir='ltr'>Socrate</span> <span class='ocrx_word' id='word_1_62' title='bbox 777 1133 920 1187; x_wconf 83' lang='lat' dir='ltr'>institutam</span> <span class='ocrx_word' id='word_1_63' title='bbox 941 1134 1103 1209; x_wconf 83' lang='lat' dir='ltr'>accepimns,</span> <span class='ocrx_word' id='word_1_64' title='bbox 1121 1149 1152 1189; x_wconf 90' lang='lat' dir='ltr'>ut</span> 
     </span>
     <span class='ocr_line' id='line_1_9' title="bbox 84 1217 1164 1301; baseline -0.009 -21"><span class='ocrx_word' id='word_1_65' title='bbox 84 1244 148 1301; x_wconf 88' lang='lat' dir='ltr'>quem</span> <span class='ocrx_word' id='word_1_66' title='bbox 160 1221 248 1276; x_wconf 84' lang='lat' dir='ltr'>seimus</span> <span class='ocrx_word' id='word_1_67' title='bbox 261 1217 406 1274; x_wconf 86' lang='lat' dir='ltr'>subtiliores</span> <span class='ocrx_word' id='word_1_68' title='bbox 419 1217 624 1288; x_wconf 68' lang='lat' dir='ltr'>disquisitiones,</span> <span class='ocrx_word' id='word_1_69' title='bbox 639 1231 714 1290; x_wconf 88' lang='lat' dir='ltr'>etque</span> <span class='ocrx_word' id='word_1_70' title='bbox 725 1218 786 1272; x_wconf 89' lang='lat' dir='ltr'>ideo</span> <span class='ocrx_word' id='word_1_71' title='bbox 799 1218 1005 1284; x_wconf 81' lang='lat' dir='ltr'>Astrouomiam,</span> <span class='ocrx_word' id='word_1_72' title='bbox 1022 1232 1049 1272; x_wconf 88' lang='lat' dir='ltr'>et</span> <span class='ocrx_word' id='word_1_73' title='bbox 1064 1220 1164 1294; x_wconf 79' lang='lat' dir='ltr'>pluri·.</span> 
     </span>
     <span class='ocr_line' id='line_1_10' title="bbox 84 1300 1148 1375; baseline -0.007 -11"><span class='ocrx_word' id='word_1_74' title='bbox 84 1330 141 1364; x_wconf 88' lang='lat' dir='ltr'>mam</span> <span class='ocrx_word' id='word_1_75' title='bbox 161 1304 351 1360; x_wconf 79' lang='lat' dir='ltr'>Mathematices</span> <span class='ocrx_word' id='word_1_76' title='bbox 363 1314 459 1375; x_wconf 87' lang='lat' dir='ltr'>partem</span> <span class='ocrx_word' id='word_1_77' title='bbox 467 1341 476 1366; x_wconf 95' lang='lat'>,</span> <span class='ocrx_word' id='word_1_78' title='bbox 489 1302 541 1355; x_wconf 89' lang='lat' dir='ltr'>nisi</span> <span class='ocrx_word' id='word_1_79' title='bbox 554 1322 646 1371; x_wconf 90' lang='lat' dir='ltr'>susque</span> <span class='ocrx_word' id='word_1_80' title='bbox 660 1301 741 1375; x_wconf 90' lang='lat' dir='ltr'>deque</span> <span class='ocrx_word' id='word_1_81' title='bbox 761 1300 893 1367; x_wconf 85' lang='lat' dir='ltr'>bsbuisse,</span> <span class='ocrx_word' id='word_1_82' title='bbox 906 1316 994 1358; x_wconf 88' lang='lat' dir='ltr'>tamen</span> <span class='ocrx_word' id='word_1_83' title='bbox 1009 1324 1064 1358; x_wconf 91' lang='lat' dir='ltr'>non</span> <span class='ocrx_word' id='word_1_84' title='bbox 1074 1324 1148 1358; x_wconf 91' lang='lat' dir='ltr'>eom-</span> 
     </span>
     <span class='ocr_line' id='line_1_11' title="bbox 84 1386 1151 1458; baseline -0.007 -9"><span class='ocrx_word' id='word_1_85' title='bbox 84 1394 197 1449; x_wconf 86' lang='lat' dir='ltr'>mendasse</span> <span class='ocrx_word' id='word_1_86' title='bbox 209 1428 216 1457; x_wconf 95' lang='lat'>,</span> <span class='ocrx_word' id='word_1_87' title='bbox 235 1389 279 1443; x_wconf 88' lang='lat' dir='ltr'>sed</span> <span class='ocrx_word' id='word_1_88' title='bbox 294 1386 471 1441; x_wconf 79' lang='lat' dir='ltr'>indifferenter</span> <span class='ocrx_word' id='word_1_89' title='bbox 482 1396 608 1439; x_wconf 84' lang='lat' dir='ltr'>tractasse.</span> <span class='ocrx_word' id='word_1_90' title='bbox 624 1386 664 1439; x_wconf 80' lang='lat' dir='ltr'>Cf.</span> <span class='ocrx_word' id='word_1_91' title='bbox 676 1386 799 1458; x_wconf 79' lang='lat' dir='ltr'>Xenopb.</span> <span class='ocrx_word' id='word_1_92' title='bbox 811 1387 921 1441; x_wconf 84' lang='lat' dir='ltr'>Memor.</span> <span class='ocrx_word' id='word_1_93' title='bbox 938 1389 1011 1441; x_wconf 86' lang='lat' dir='ltr'>Soor.</span> <span class='ocrx_word' id='word_1_94' title='bbox 1021 1388 1070 1455; x_wconf 82' lang='lat' dir='ltr'>IV,</span> <span class='ocrx_word' id='word_1_95' title='bbox 1084 1412 1097 1457; x_wconf 87' lang='lat'><strong>7</strong></span> <span class='ocrx_word' id='word_1_96' title='bbox 1109 1428 1117 1456; x_wconf 92' lang='lat'>,</span> <span class='ocrx_word' id='word_1_97' title='bbox 1127 1391 1151 1443; x_wconf 81' lang='lat'>3.</span> 
     </span>
     <span class='ocr_line' id='line_1_12' title="bbox 83 1470 1151 1547; baseline -0.005 -15"><span class='ocrx_word' id='word_1_98' title='bbox 83 1476 170 1532; x_wconf 83' lang='lat' dir='ltr'>Platon.</span> <span class='ocrx_word' id='word_1_99' title='bbox 181 1472 307 1539; x_wconf 80' lang='lat' dir='ltr'>Pbtedon.</span> <span class='ocrx_word' id='word_1_100' title='bbox 317 1494 339 1526; x_wconf 79' lang='lat' dir='ltr'>e·</span> <span class='ocrx_word' id='word_1_101' title='bbox 353 1472 387 1540; x_wconf 75' lang='lat'>46</span> <span class='ocrx_word' id='word_1_102' title='bbox 398 1490 435 1541; x_wconf 92' lang='lat' dir='ltr'>sq.</span> <span class='ocrx_word' id='word_1_103' title='bbox 446 1470 646 1524; x_wconf 84' lang='lat' dir='ltr'>Grammatieam</span> <span class='ocrx_word' id='word_1_104' title='bbox 659 1482 744 1523; x_wconf 87' lang='lat' dir='ltr'>antem</span> <span class='ocrx_word' id='word_1_105' title='bbox 755 1490 839 1541; x_wconf 87' lang='lat' dir='ltr'>neque</span> <span class='ocrx_word' id='word_1_106' title='bbox 850 1472 946 1545; x_wconf 76' lang='lat' dir='ltr'>tetigit,</span> <span class='ocrx_word' id='word_1_107' title='bbox 956 1492 1040 1544; x_wconf 85' lang='lat' dir='ltr'>neque</span> <span class='ocrx_word' id='word_1_108' title='bbox 1050 1491 1151 1547; x_wconf 80' lang='lat' dir='ltr'>sarpere</span> 
     </span>
     <span class='ocr_line' id='line_1_13' title="bbox 83 1554 1149 1639; baseline -0.005 -20"><span class='ocrx_word' id='word_1_109' title='bbox 83 1564 154 1639; x_wconf 87' lang='lat' dir='ltr'>potuit</span> <span class='ocrx_word' id='word_1_110' title='bbox 163 1562 279 1617; x_wconf 80' lang='lat' dir='ltr'>Socrates</span> <span class='ocrx_word' id='word_1_111' title='bbox 289 1559 393 1631; x_wconf 80' lang='lat' dir='ltr'>ejusque</span> <span class='ocrx_word' id='word_1_112' title='bbox 401 1554 510 1627; x_wconf 81' lang='lat' dir='ltr'>proximi</span> <span class='ocrx_word' id='word_1_113' title='bbox 518 1556 629 1623; x_wconf 84' lang='lat' dir='ltr'>asserite,</span> <span class='ocrx_word' id='word_1_114' title='bbox 644 1576 724 1627; x_wconf 89' lang='lat' dir='ltr'>quum</span> <span class='ocrx_word' id='word_1_115' title='bbox 735 1556 829 1610; x_wconf 71' lang='lat' dir='ltr'>seeulo</span> <span class='ocrx_word' id='word_1_116' title='bbox 838 1556 941 1609; x_wconf 79' lang='lat' dir='ltr'>tlemum</span> <span class='ocrx_word' id='word_1_117' title='bbox 951 1559 1149 1614; x_wconf 80' lang='lat' dir='ltr'>Ptolemssorum</span> 
     </span>
     <span class='ocr_line' id='line_1_14' title="bbox 81 1636 1153 1713; baseline -0.005 -13"><span class='ocrx_word' id='word_1_118' title='bbox 81 1649 237 1701; x_wconf 87' lang='lat' dir='ltr'>innumerum</span> <span class='ocrx_word' id='word_1_119' title='bbox 248 1641 343 1695; x_wconf 88' lang='lat' dir='ltr'>artium</span> <span class='ocrx_word' id='word_1_120' title='bbox 348 1638 437 1691; x_wconf 88' lang='lat' dir='ltr'>rel&#39;erri</span> <span class='ocrx_word' id='word_1_121' title='bbox 445 1637 566 1710; x_wconf 86' lang='lat' dir='ltr'>eoepisset.</span> <span class='ocrx_word' id='word_1_122' title='bbox 577 1636 703 1691; x_wconf 69' lang='lat' dir='ltr'>Ceterum</span> <span class='ocrx_word' id='word_1_123' title='bbox 709 1657 790 1709; x_wconf 88' lang='lat' dir='ltr'>quum</span> <span class='ocrx_word' id='word_1_124' title='bbox 798 1638 987 1704; x_wconf 76' lang='lat' dir='ltr'>Antisthenen,</span> <span class='ocrx_word' id='word_1_125' title='bbox 994 1652 1050 1693; x_wconf 90' lang='lat' dir='ltr'>tum</span> <span class='ocrx_word' id='word_1_126' title='bbox 1055 1640 1153 1713; x_wconf 73' lang='lat' dir='ltr'>Dioge.</span> 
     </span>
     <span class='ocr_line' id='line_1_15' title="bbox 82 1718 1152 1799; baseline -0.005 -18"><span class='ocrx_word' id='word_1_127' title='bbox 82 1748 132 1781; x_wconf 90' lang='lat' dir='ltr'>nem</span> <span class='ocrx_word' id='word_1_128' title='bbox 143 1726 330 1799; x_wconf 76' lang='lat' dir='ltr'>Sinopensem</span> <span class='ocrx_word' id='word_1_129' title='bbox 341 1720 420 1794; x_wconf 72' lang='lat' dir='ltr'>Diog.</span> <span class='ocrx_word' id='word_1_130' title='bbox 433 1720 515 1773; x_wconf 79' lang='lat' dir='ltr'>baert.</span> <span class='ocrx_word' id='word_1_131' title='bbox 524 1720 571 1789; x_wconf 80' lang='lat' dir='ltr'>vl,</span> <span class='ocrx_word' id='word_1_132' title='bbox 588 1718 633 1772; x_wconf 84' lang='lat'>103</span> <span class='ocrx_word' id='word_1_133' title='bbox 641 1739 677 1789; x_wconf 85' lang='lat' dir='ltr'>sq.</span> <span class='ocrx_word' id='word_1_134' title='bbox 685 1719 779 1772; x_wconf 87' lang='lat' dir='ltr'>seimus</span> <span class='ocrx_word' id='word_1_135' title='bbox 789 1718 949 1792; x_wconf 82' lang='lat' dir='ltr'>disciplinas,</span> <span class='ocrx_word' id='word_1_136' title='bbox 966 1720 1152 1791; x_wconf 83' lang='lat' dir='ltr'>Geometriam,</span> 
     </span>
     <span class='ocr_line' id='line_1_16' title="bbox 81 1803 1152 1879; baseline -0.005 -13"><span class='ocrx_word' id='word_1_137' title='bbox 81 1811 194 1866; x_wconf 85' lang='lat' dir='ltr'>ldusiram</span> <span class='ocrx_word' id='word_1_138' title='bbox 204 1820 238 1873; x_wconf 90' lang='lat' dir='ltr'>,et</span> <span class='ocrx_word' id='word_1_139' title='bbox 248 1806 344 1859; x_wconf 89' lang='lat' dir='ltr'>similia</span> <span class='ocrx_word' id='word_1_140' title='bbox 354 1803 508 1879; x_wconf 76' lang='lat' dir='ltr'>repudiasse·</span> <span class='ocrx_word' id='word_1_141' title='bbox 519 1804 605 1873; x_wconf 84' lang='lat' dir='ltr'>Quam</span> <span class='ocrx_word' id='word_1_142' title='bbox 615 1804 731 1859; x_wconf 88' lang='lat' dir='ltr'>eamdem</span> <span class='ocrx_word' id='word_1_143' title='bbox 738 1804 889 1858; x_wconf 86' lang='lat' dir='ltr'>senteutiam</span> <span class='ocrx_word' id='word_1_144' title='bbox 901 1818 928 1859; x_wconf 90' lang='lat' dir='ltr'>et</span> <span class='ocrx_word' id='word_1_145' title='bbox 936 1806 1023 1859; x_wconf 79' lang='lat' dir='ltr'>Aristo</span> <span class='ocrx_word' id='word_1_146' title='bbox 1035 1807 1115 1863; x_wconf 78' lang='lat' dir='ltr'>Chius</span> <span class='ocrx_word' id='word_1_147' title='bbox 1124 1822 1152 1862; x_wconf 91' lang='lat' dir='ltr'>et</span> 
     </span>
     <span class='ocr_line' id='line_1_17' title="bbox 81 1886 1152 1967; baseline -0.003 -19"><span class='ocrx_word' id='word_1_148' title='bbox 81 1896 138 1949; x_wconf 90' lang='lat' dir='ltr'>Bion</span> <span class='ocrx_word' id='word_1_149' title='bbox 151 1890 341 1967; x_wconf 73' lang='lat' dir='ltr'>Borysthenites</span> <span class='ocrx_word' id='word_1_150' title='bbox 362 1889 442 1942; x_wconf 83' lang='lat' dir='ltr'>secuti</span> <span class='ocrx_word' id='word_1_151' title='bbox 460 1900 525 1941; x_wconf 87' lang='lat' dir='ltr'>sunt.</span> <span class='ocrx_word' id='word_1_152' title='bbox 546 1887 586 1939; x_wconf 87' lang='lat' dir='ltr'>Cl.</span> <span class='ocrx_word' id='word_1_153' title='bbox 604 1886 733 1961; x_wconf 73' lang='lat' dir='ltr'>Philolog.</span> <span class='ocrx_word' id='word_1_154' title='bbox 743 1887 868 1943; x_wconf 84' lang='lat' dir='ltr'>Bibliotb.</span> <span class='ocrx_word' id='word_1_155' title='bbox 883 1890 926 1957; x_wconf 92' lang='lat' dir='ltr'>ll,</span> <span class='ocrx_word' id='word_1_156' title='bbox 944 1911 968 1964; x_wconf 92' lang='lat' dir='ltr'>p.</span> <span class='ocrx_word' id='word_1_157' title='bbox 984 1890 1018 1944; x_wconf 81' lang='grc'>33</span> <span class='ocrx_word' id='word_1_158' title='bbox 1031 1912 1070 1963; x_wconf 92' lang='lat' dir='ltr'>sq.</span> <span class='ocrx_word' id='word_1_159' title='bbox 1081 1893 1152 1947; x_wconf 85' lang='lat' dir='ltr'>Stoi-</span> 
     </span>
     <span class='ocr_line' id='line_1_18' title="bbox 81 1971 1152 2051; baseline -0.002 -18"><span class='ocrx_word' id='word_1_160' title='bbox 81 1999 156 2033; x_wconf 83' lang='lat' dir='ltr'>eoruru</span> <span class='ocrx_word' id='word_1_161' title='bbox 166 1990 249 2030; x_wconf 86' lang='lat' dir='ltr'>autem</span> <span class='ocrx_word' id='word_1_162' title='bbox 259 1973 384 2029; x_wconf 85' lang='lat' dir='ltr'>sententia</span> <span class='ocrx_word' id='word_1_163' title='bbox 394 1974 426 2026; x_wconf 85' lang='lat' dir='ltr'>de</span> <span class='ocrx_word' id='word_1_164' title='bbox 437 1973 477 2026; x_wconf 89' lang='lat' dir='ltr'>his</span> <span class='ocrx_word' id='word_1_165' title='bbox 487 1971 577 2025; x_wconf 86' lang='lat' dir='ltr'>studiis</span> <span class='ocrx_word' id='word_1_166' title='bbox 588 1992 617 2025; x_wconf 83' lang='lat' dir='ltr'>es</span> <span class='ocrx_word' id='word_1_167' title='bbox 625 1971 674 2026; x_wconf 84' lang='lat' dir='ltr'>hae</span> <span class='ocrx_word' id='word_1_168' title='bbox 682 1972 735 2025; x_wconf 86' lang='lat' dir='ltr'>sola</span> <span class='ocrx_word' id='word_1_169' title='bbox 747 1973 851 2048; x_wconf 85' lang='lat' dir='ltr'>epistola</span> <span class='ocrx_word' id='word_1_170' title='bbox 863 1974 937 2027; x_wconf 90' lang='lat' dir='ltr'>nobis</span> <span class='ocrx_word' id='word_1_171' title='bbox 947 1976 1078 2045; x_wconf 89' lang='lat' dir='ltr'>innotuit,</span> <span class='ocrx_word' id='word_1_172' title='bbox 1087 1997 1152 2051; x_wconf 77' lang='lat' dir='ltr'>prte-</span> 
     </span>
     <span class='ocr_line' id='line_1_19' title="bbox 80 2055 1152 2131; baseline -0.002 -14"><span class='ocrx_word' id='word_1_173' title='bbox 80 2077 112 2117; x_wconf 83' lang='lat' dir='ltr'>ter</span> <span class='ocrx_word' id='word_1_174' title='bbox 121 2080 197 2115; x_wconf 90' lang='lat' dir='ltr'>uuum</span> <span class='ocrx_word' id='word_1_175' title='bbox 208 2061 295 2114; x_wconf 85' lang='lat' dir='ltr'>locum</span> <span class='ocrx_word' id='word_1_176' title='bbox 306 2059 385 2131; x_wconf 54' lang='grc' dir='ltr'><strong>Βίας.</strong></span> <span class='ocrx_word' id='word_1_177' title='bbox 396 2059 477 2111; x_wconf 78' lang='lat' dir='ltr'>laert.</span> <span class='ocrx_word' id='word_1_178' title='bbox 488 2058 558 2125; x_wconf 85' lang='lat' dir='ltr'>Vll,</span> <span class='ocrx_word' id='word_1_179' title='bbox 571 2056 603 2109; x_wconf 79' lang='lat'>3²</span> <span class='ocrx_word' id='word_1_180' title='bbox 612 2092 620 2118; x_wconf 83' lang='lat'>,</span> <span class='ocrx_word' id='word_1_181' title='bbox 629 2056 674 2111; x_wconf 87' lang='lat' dir='ltr'>nbi</span> <span class='ocrx_word' id='word_1_182' title='bbox 685 2055 786 2111; x_wconf 85' lang='lat' dir='ltr'>Cassius</span> <span class='ocrx_word' id='word_1_183' title='bbox 798 2056 930 2131; x_wconf 82' lang='lat' dir='ltr'>Sceptious</span> <span class='ocrx_word' id='word_1_184' title='bbox 939 2059 1070 2113; x_wconf 87' lang='lat' dir='ltr'>Zenonem</span> <span class='ocrx_word' id='word_1_185' title='bbox 1078 2082 1152 2115; x_wconf 83' lang='lat' dir='ltr'>areu·</span> 
     </span>
     <span class='ocr_line' id='line_1_20' title="bbox 79 2140 1151 2218; baseline -0.001 -18"><span class='ocrx_word' id='word_1_186' title='bbox 79 2160 125 2213; x_wconf 87' lang='lat' dir='ltr'>sat,</span> <span class='ocrx_word' id='word_1_187' title='bbox 138 2146 204 2217; x_wconf 89' lang='lat' dir='ltr'>quod</span> <span class='ocrx_word' id='word_1_188' title='bbox 222 2144 371 2218; x_wconf 83' lang='lat' dir='ltr'>disciplinas</span> <span class='ocrx_word' id='word_1_189' title='bbox 383 2142 503 2197; x_wconf 85' lang='lat' dir='ltr'>liberales</span> <span class='ocrx_word' id='word_1_190' title='bbox 511 2140 617 2195; x_wconf 85' lang='lat' dir='ltr'>inutiles</span> <span class='ocrx_word' id='word_1_191' title='bbox 629 2154 720 2195; x_wconf 84' lang='lat' dir='ltr'>statuat</span> <span class='ocrx_word' id='word_1_192' title='bbox 738 2141 766 2194; x_wconf 88' lang='lat' dir='ltr'>in</span> <span class='ocrx_word' id='word_1_193' title='bbox 780 2142 906 2217; x_wconf 83' lang='lat' dir='ltr'>principio</span> <span class='ocrx_word' id='word_1_194' title='bbox 922 2163 976 2198; x_wconf 86' lang='lat' dir='ltr'>aute</span> <span class='ocrx_word' id='word_1_195' title='bbox 991 2144 1151 2218; x_wconf 81' lang='lat' dir='ltr'>Reipubliess</span> 
     </span>
     <span class='ocr_line' id='line_1_21' title="bbox 79 2224 1150 2295; baseline -0.001 -14"><span class='ocrx_word' id='word_1_196' title='bbox 79 2232 132 2295; x_wconf 68' lang='lat' dir='ltr'>(eis</span> <span class='ocrx_word' id='word_1_197' title='bbox 151 2228 270 2293; x_wconf 73' lang='lat' dir='ltr'>lysu&#39;zltos</span> <span class='ocrx_word' id='word_1_198' title='bbox 294 2226 404 2279; x_wconf 61' lang='grc' dir='ltr'>παιδεῖαι</span> <span class='ocrx_word' id='word_1_199' title='bbox 428 2228 549 2294; x_wconf 73' lang='grc' dir='ltr'>ἄχρηστοι</span> <span class='ocrx_word' id='word_1_200' title='bbox 566 2227 705 2293; x_wconf 70' lang='grc' dir='ltr'>ἀποφαίνειν</span> <span class='ocrx_word' id='word_1_201' title='bbox 714 2227 732 2293; x_wconf 94' lang='grc'>).</span> <span class='ocrx_word' id='word_1_202' title='bbox 754 2224 840 2293; x_wconf 83' lang='lat' dir='ltr'>Quam</span> <span class='ocrx_word' id='word_1_203' title='bbox 860 2238 948 2279; x_wconf 85' lang='lat' dir='ltr'>tamen</span> <span class='ocrx_word' id='word_1_204' title='bbox 965 2227 1150 2283; x_wconf 80' lang='lat' dir='ltr'>accusationem</span> 
     </span>
     <span class='ocr_line' id='line_1_22' title="bbox 79 2304 1152 2387; baseline -0.001 -19"><span class='ocrx_word' id='word_1_205' title='bbox 79 2336 158 2387; x_wconf 86' lang='lat' dir='ltr'>parum</span> <span class='ocrx_word' id='word_1_206' title='bbox 170 2312 246 2367; x_wconf 83' lang='lat' dir='ltr'>firmo</span> <span class='ocrx_word' id='word_1_207' title='bbox 259 2313 427 2367; x_wconf 77' lang='lat' dir='ltr'>fundamento</span> <span class='ocrx_word' id='word_1_208' title='bbox 447 2312 534 2365; x_wconf 79' lang='lat' dir='ltr'>nixam</span> <span class='ocrx_word' id='word_1_209' title='bbox 550 2304 702 2365; x_wconf 75' lang='lat' dir='ltr'>crediderim</span> <span class='ocrx_word' id='word_1_210' title='bbox 714 2350 722 2379; x_wconf 90' lang='lat'>,</span> <span class='ocrx_word' id='word_1_211' title='bbox 741 2328 822 2383; x_wconf 86' lang='lat' dir='ltr'>quum</span> <span class='ocrx_word' id='word_1_212' title='bbox 841 2311 914 2366; x_wconf 85' lang='lat' dir='ltr'>nulla</span> <span class='ocrx_word' id='word_1_213' title='bbox 926 2312 1003 2385; x_wconf 88' lang='lat' dir='ltr'>bujus</span> <span class='ocrx_word' id='word_1_214' title='bbox 1022 2314 1152 2387; x_wconf 86' lang='lat' dir='ltr'>opinionis</span> 
     </span>
     <span class='ocr_line' id='line_1_23' title="bbox 78 2394 1152 2473; baseline -0.002 -20"><span class='ocrx_word' id='word_1_215' title='bbox 78 2399 165 2453; x_wconf 89' lang='lat' dir='ltr'>mentio</span> <span class='ocrx_word' id='word_1_216' title='bbox 173 2398 240 2473; x_wconf 91' lang='lat' dir='ltr'>apud</span> <span class='ocrx_word' id='word_1_217' title='bbox 251 2408 353 2453; x_wconf 80' lang='lat' dir='ltr'>eeteros</span> <span class='ocrx_word' id='word_1_218' title='bbox 366 2395 523 2467; x_wconf 86' lang='lat' dir='ltr'>antiquitatis</span> <span class='ocrx_word' id='word_1_219' title='bbox 536 2408 649 2450; x_wconf 80' lang='lat' dir='ltr'>auctores</span> <span class='ocrx_word' id='word_1_220' title='bbox 661 2394 799 2471; x_wconf 85' lang='lat' dir='ltr'>reperiatur</span> <span class='ocrx_word' id='word_1_221' title='bbox 810 2434 818 2461; x_wconf 98' lang='lat'>,</span> <span class='ocrx_word' id='word_1_222' title='bbox 831 2416 879 2451; x_wconf 87' lang='lat' dir='ltr'>nee</span> <span class='ocrx_word' id='word_1_223' title='bbox 889 2412 1014 2471; x_wconf 72' lang='lat' dir='ltr'>congruet</span> <span class='ocrx_word' id='word_1_224' title='bbox 1022 2400 1152 2470; x_wconf 73' lang='lat' dir='ltr'>systemati</span> 
     </span>
     <span class='ocr_line' id='line_1_24' title="bbox 77 2480 1151 2554; baseline 0.001 -15"><span class='ocrx_word' id='word_1_225' title='bbox 77 2485 153 2539; x_wconf 84' lang='lat' dir='ltr'>stoico.</span> <span class='ocrx_word' id='word_1_226' title='bbox 163 2482 290 2549; x_wconf 77' lang='lat' dir='ltr'>Accedit,</span> <span class='ocrx_word' id='word_1_227' title='bbox 303 2482 372 2553; x_wconf 92' lang='lat' dir='ltr'>quod</span> <span class='ocrx_word' id='word_1_228' title='bbox 384 2480 559 2554; x_wconf 76' lang='lat' dir='ltr'>Chrysippus,</span> <span class='ocrx_word' id='word_1_229' title='bbox 570 2500 648 2553; x_wconf 89' lang='lat' dir='ltr'>quem</span> <span class='ocrx_word' id='word_1_230' title='bbox 660 2480 689 2535; x_wconf 87' lang='lat' dir='ltr'>in</span> <span class='ocrx_word' id='word_1_231' title='bbox 701 2480 821 2535; x_wconf 89' lang='lat' dir='ltr'>omuibus</span> <span class='ocrx_word' id='word_1_232' title='bbox 833 2484 887 2535; x_wconf 81' lang='lat' dir='ltr'>fere</span> <span class='ocrx_word' id='word_1_233' title='bbox 902 2482 1010 2537; x_wconf 84' lang='lat' dir='ltr'>deeretis</span> <span class='ocrx_word' id='word_1_234' title='bbox 1022 2484 1094 2540; x_wconf 86' lang='lat' dir='ltr'>Stote</span> <span class='ocrx_word' id='word_1_235' title='bbox 1104 2506 1151 2539; x_wconf 90' lang='lat' dir='ltr'>se-</span> 
     </span>
     <span class='ocr_line' id='line_1_25' title="bbox 77 2564 1152 2639; baseline 0.003 -17"><span class='ocrx_word' id='word_1_236' title='bbox 77 2581 155 2621; x_wconf 78' lang='lat' dir='ltr'>cunum</span> <span class='ocrx_word' id='word_1_237' title='bbox 173 2588 226 2622; x_wconf 86' lang='lat' dir='ltr'>esse</span> <span class='ocrx_word' id='word_1_238' title='bbox 244 2568 337 2621; x_wconf 81' lang='lat' dir='ltr'>seimus</span> <span class='ocrx_word' id='word_1_239' title='bbox 355 2566 505 2629; x_wconf 84' lang='lat' dir='ltr'>Zenonem,</span> <span class='ocrx_word' id='word_1_240' title='bbox 525 2564 680 2620; x_wconf 85' lang='lat' dir='ltr'>eontrarium</span> <span class='ocrx_word' id='word_1_241' title='bbox 699 2568 835 2639; x_wconf 77' lang='lat' dir='ltr'>praeierat,</span> <span class='ocrx_word' id='word_1_242' title='bbox 854 2580 880 2619; x_wconf 85' lang='lat' dir='ltr'>et</span> <span class='ocrx_word' id='word_1_243' title='bbox 898 2580 998 2624; x_wconf 85' lang='lat' dir='ltr'>tautum</span> <span class='ocrx_word' id='word_1_244' title='bbox 1018 2568 1103 2635; x_wconf 89' lang='lat' dir='ltr'>absit,</span> <span class='ocrx_word' id='word_1_245' title='bbox 1123 2584 1152 2625; x_wconf 90' lang='lat' dir='ltr'>ut</span> 
     </span>
     <span class='ocr_line' id='line_1_26' title="bbox 76 2649 1150 2727; baseline 0.003 -21"><span class='ocrx_word' id='word_1_246' title='bbox 76 2654 151 2705; x_wconf 87' lang='lat' dir='ltr'>studia</span> <span class='ocrx_word' id='word_1_247' title='bbox 165 2652 283 2706; x_wconf 84' lang='lat' dir='ltr'>liberalia</span> <span class='ocrx_word' id='word_1_248' title='bbox 294 2651 424 2726; x_wconf 87' lang='lat' dir='ltr'>repudiet,</span> <span class='ocrx_word' id='word_1_249' title='bbox 438 2662 468 2703; x_wconf 87' lang='lat' dir='ltr'>ut</span> <span class='ocrx_word' id='word_1_250' title='bbox 483 2668 557 2703; x_wconf 83' lang='lat' dir='ltr'>usum</span> <span class='ocrx_word' id='word_1_251' title='bbox 571 2668 659 2703; x_wconf 89' lang='lat' dir='ltr'>eorum</span> <span class='ocrx_word' id='word_1_252' title='bbox 672 2649 808 2716; x_wconf 77' lang='lat' dir='ltr'>detentat,</span> <span class='ocrx_word' id='word_1_253' title='bbox 820 2663 880 2704; x_wconf 92' lang='lat' dir='ltr'>teste</span> <span class='ocrx_word' id='word_1_254' title='bbox 890 2652 968 2727; x_wconf 78' lang='lat' dir='ltr'>Diog.</span> <span class='ocrx_word' id='word_1_255' title='bbox 981 2655 1066 2708; x_wconf 78' lang='lat' dir='ltr'>hert.</span> <span class='ocrx_word' id='word_1_256' title='bbox 1077 2656 1150 2721; x_wconf 78' lang='lat' dir='ltr'>Vll,</span> 
     </span>
     <span class='ocr_line' id='line_1_27' title="bbox 79 2732 1151 2811; baseline 0.005 -22"><span class='ocrx_word' id='word_1_257' title='bbox 79 2756 120 2811; x_wconf 83' lang='lat'>¹²9</span> <span class='ocrx_word' id='word_1_258' title='bbox 127 2756 133 2790; x_wconf 75' lang='grc' dir='ltr'>ι</span> <span class='ocrx_word' id='word_1_259' title='bbox 140 2739 280 2809; x_wconf 74' lang='grc' dir='ltr'>ιῦχρηπιῗι</span> <span class='ocrx_word' id='word_1_260' title='bbox 290 2736 316 2791; x_wconf 73' lang='lat' dir='ltr'>dl</span> <span class='ocrx_word' id='word_1_261' title='bbox 327 2738 364 2791; x_wconf 73' lang='lat' dir='ltr'>sol</span> <span class='ocrx_word' id='word_1_262' title='bbox 374 2732 517 2800; x_wconf 70' lang='lat' dir='ltr'>slslyrrislss</span> <span class='ocrx_word' id='word_1_263' title='bbox 522 2736 646 2805; x_wconf 58' lang='grc' dir='ltr'>μαθήματα</span> <span class='ocrx_word' id='word_1_264' title='bbox 652 2736 724 2803; x_wconf 71' lang='lat' dir='ltr'>priuis</span> <span class='ocrx_word' id='word_1_265' title='bbox 734 2734 905 2804; x_wconf 67' lang='lat' dir='ltr'>bxptlorsrnse.</span> <span class='ocrx_word' id='word_1_266' title='bbox 916 2738 1042 2791; x_wconf 83' lang='lat' dir='ltr'>Eamderu</span> <span class='ocrx_word' id='word_1_267' title='bbox 1049 2753 1151 2794; x_wconf 86' lang='lat' dir='ltr'>seuten-</span> 
     </span>
     <span class='ocr_line' id='line_1_28' title="bbox 75 2816 1151 2892; baseline 0.003 -22"><span class='ocrx_word' id='word_1_268' title='bbox 75 2820 131 2873; x_wconf 82' lang='lat' dir='ltr'>tiam</span> <span class='ocrx_word' id='word_1_269' title='bbox 142 2819 192 2892; x_wconf 82' lang='lat' dir='ltr'>jam</span> <span class='ocrx_word' id='word_1_270' title='bbox 205 2820 253 2873; x_wconf 92' lang='lat' dir='ltr'>diu</span> <span class='ocrx_word' id='word_1_271' title='bbox 263 2830 322 2872; x_wconf 89' lang='lat' dir='ltr'>ante</span> <span class='ocrx_word' id='word_1_272' title='bbox 335 2816 425 2892; x_wconf 81' lang='lat' dir='ltr'>Cbrys.</span> <span class='ocrx_word' id='word_1_273' title='bbox 438 2817 516 2871; x_wconf 86' lang='lat' dir='ltr'>tuitus</span> <span class='ocrx_word' id='word_1_274' title='bbox 526 2828 580 2871; x_wconf 90' lang='lat' dir='ltr'>erat</span> <span class='ocrx_word' id='word_1_275' title='bbox 595 2816 755 2890; x_wconf 75' lang='lat' dir='ltr'>Pythagoras</span> <span class='ocrx_word' id='word_1_276' title='bbox 769 2818 819 2887; x_wconf 82' lang='lat' dir='ltr'>(el.</span> <span class='ocrx_word' id='word_1_277' title='bbox 829 2818 949 2873; x_wconf 72' lang='lat' dir='ltr'>ttmeter.</span> <span class='ocrx_word' id='word_1_278' title='bbox 960 2820 1070 2875; x_wconf 78' lang='lat' dir='ltr'>Hister.</span> <span class='ocrx_word' id='word_1_279' title='bbox 1081 2822 1151 2877; x_wconf 73' lang='lat' dir='ltr'>Phil.</span> 
     </span>
     <span class='ocr_line' id='line_1_29' title="bbox 74 2902 455 2979; baseline 0 -25"><span class='ocrx_word' id='word_1_280' title='bbox 74 2903 108 2955; x_wconf 93' lang='lat' dir='ltr'>lll</span> <span class='ocrx_word' id='word_1_281' title='bbox 114 2941 122 2969; x_wconf 90' lang='lat'>,</span> <span class='ocrx_word' id='word_1_282' title='bbox 132 2927 156 2979; x_wconf 85' lang='lat' dir='ltr'>p.</span> <span class='ocrx_word' id='word_1_283' title='bbox 168 2908 217 2977; x_wconf 77' lang='lat'>595</span> <span class='ocrx_word' id='word_1_284' title='bbox 227 2906 238 2971; x_wconf 89' lang='lat'>)</span> <span class='ocrx_word' id='word_1_285' title='bbox 250 2942 257 2969; x_wconf 94' lang='lat'>,</span> <span class='ocrx_word' id='word_1_286' title='bbox 271 2902 399 2957; x_wconf 76' lang='lat' dir='ltr'>Aristotel.</span> <span class='ocrx_word' id='word_1_287' title='bbox 409 2902 455 2955; x_wconf 88' lang='lat' dir='ltr'>rel.</span> 
     </span>
    </p>

    <p class='ocr_par' dir='ltr' id='par_1_4' title="bbox 63 2984 1153 4074">
     <span class='ocr_line' id='line_1_30' title="bbox 103 2984 1150 3065; baseline 0 -21"><span class='ocrx_word' id='word_1_288' title='bbox 103 2989 193 3065; x_wconf 74' lang='lat' dir='ltr'>strigis</span> <span class='ocrx_word' id='word_1_289' title='bbox 208 2988 378 3061; x_wconf 71' lang='lat' dir='ltr'>quastionem</span> <span class='ocrx_word' id='word_1_290' title='bbox 393 2985 460 3040; x_wconf 85' lang='lat' dir='ltr'>bane</span> <span class='ocrx_word' id='word_1_291' title='bbox 478 2986 511 3039; x_wconf 90' lang='lat' dir='ltr'>de</span> <span class='ocrx_word' id='word_1_292' title='bbox 528 2985 618 3038; x_wconf 87' lang='lat' dir='ltr'>studiis</span> <span class='ocrx_word' id='word_1_293' title='bbox 639 2984 788 3039; x_wconf 74' lang='lat' dir='ltr'>liberalibus</span> <span class='ocrx_word' id='word_1_294' title='bbox 804 3008 858 3043; x_wconf 85' lang='lat' dir='ltr'>uns</span> <span class='ocrx_word' id='word_1_295' title='bbox 873 3010 933 3044; x_wconf 84' lang='lat' dir='ltr'>eum</span> <span class='ocrx_word' id='word_1_296' title='bbox 952 2992 1031 3046; x_wconf 86' lang='lat' dir='ltr'>altera</span> <span class='ocrx_word' id='word_1_297' title='bbox 1049 2995 1150 3065; x_wconf 64' lang='grc' dir='ltr'><strong>(Βίας.</strong></span> 
     </span>
     <span class='ocr_line' id='line_1_31' title="bbox 73 3069 1150 3149; baseline 0.003 -20"><span class='ocrx_word' id='word_1_298' title='bbox 73 3074 219 3143; x_wconf 77' lang='lat' dir='ltr'>laertVll,</span> <span class='ocrx_word' id='word_1_299' title='bbox 235 3075 290 3141; x_wconf 74' lang='lat'>41),</span> <span class='ocrx_word' id='word_1_300' title='bbox 299 3086 385 3127; x_wconf 82' lang='lat' dir='ltr'>utrum</span> <span class='ocrx_word' id='word_1_301' title='bbox 396 3069 557 3125; x_wconf 83' lang='lat' dir='ltr'>instrumenti</span> <span class='ocrx_word' id='word_1_302' title='bbox 565 3083 610 3123; x_wconf 88' lang='lat' dir='ltr'>aut</span> <span class='ocrx_word' id='word_1_303' title='bbox 617 3069 727 3144; x_wconf 87' lang='lat' dir='ltr'>partium</span> <span class='ocrx_word' id='word_1_304' title='bbox 735 3070 794 3123; x_wconf 87' lang='lat' dir='ltr'>loco</span> <span class='ocrx_word' id='word_1_305' title='bbox 804 3071 833 3125; x_wconf 88' lang='lat' dir='ltr'>in</span> <span class='ocrx_word' id='word_1_306' title='bbox 844 3072 1011 3149; x_wconf 84' lang='lat' dir='ltr'>l’bilosopltia</span> <span class='ocrx_word' id='word_1_307' title='bbox 1020 3078 1150 3132; x_wconf 78' lang='lat' dir='ltr'>tractanda</span> 
     </span>
     <span class='ocr_line' id='line_1_32' title="bbox 63 3154 1152 3230; baseline 0 -14"><span class='ocrx_word' id='word_1_308' title='bbox 63 3160 224 3215; x_wconf 85' lang='lat' dir='ltr'>·considersri</span> <span class='ocrx_word' id='word_1_309' title='bbox 237 3158 350 3213; x_wconf 84' lang='lat' dir='ltr'>debeant</span> <span class='ocrx_word' id='word_1_310' title='bbox 366 3156 478 3230; x_wconf 74' lang='lat' dir='ltr'>Lugios,</span> <span class='ocrx_word' id='word_1_311' title='bbox 498 3154 591 3209; x_wconf 84' lang='lat' dir='ltr'>Ethioa</span> <span class='ocrx_word' id='word_1_312' title='bbox 607 3167 631 3208; x_wconf 92' lang='lat' dir='ltr'>et</span> <span class='ocrx_word' id='word_1_313' title='bbox 648 3154 777 3228; x_wconf 80' lang='lat' dir='ltr'>Physica,</span> <span class='ocrx_word' id='word_1_314' title='bbox 795 3157 1002 3226; x_wconf 84' lang='lat' dir='ltr'>Tiedemanuus,</span> <span class='ocrx_word' id='word_1_315' title='bbox 1021 3161 1092 3230; x_wconf 84' lang='lat' dir='ltr'>Syst·</span> <span class='ocrx_word' id='word_1_316' title='bbox 1104 3165 1152 3216; x_wconf 84' lang='lat' dir='ltr'>der</span> 
     </span>
     <span class='ocr_line' id='line_1_33' title="bbox 73 3238 1151 3315; baseline 0.001 -18"><span class='ocrx_word' id='word_1_317' title='bbox 73 3243 177 3298; x_wconf 84' lang='lat' dir='ltr'>Stor&#39;scb.</span> <span class='ocrx_word' id='word_1_318' title='bbox 189 3242 296 3297; x_wconf 77' lang='lat' dir='ltr'>Ptttos.</span> <span class='ocrx_word' id='word_1_319' title='bbox 306 3242 335 3309; x_wconf 90' lang='lat' dir='ltr'>l,</span> <span class='ocrx_word' id='word_1_320' title='bbox 349 3260 373 3313; x_wconf 84' lang='lat' dir='ltr'>p·</span> <span class='ocrx_word' id='word_1_321' title='bbox 388 3258 417 3293; x_wconf 80' lang='lat' dir='ltr'>ru</span> <span class='ocrx_word' id='word_1_322' title='bbox 429 3258 483 3311; x_wconf 84' lang='lat' dir='ltr'>sqq·</span> <span class='ocrx_word' id='word_1_323' title='bbox 495 3256 503 3291; x_wconf 73' lang='lat' dir='ltr'>t</span> <span class='ocrx_word' id='word_1_324' title='bbox 514 3238 543 3291; x_wconf 85' lang='lat' dir='ltr'>irs</span> <span class='ocrx_word' id='word_1_325' title='bbox 554 3258 606 3309; x_wconf 88' lang='lat' dir='ltr'>qua</span> <span class='ocrx_word' id='word_1_326' title='bbox 617 3250 701 3291; x_wconf 85' lang='lat' dir='ltr'>tamen</span> <span class='ocrx_word' id='word_1_327' title='bbox 715 3239 761 3291; x_wconf 88' lang='lat' dir='ltr'>lite</span> <span class='ocrx_word' id='word_1_328' title='bbox 774 3238 921 3294; x_wconf 82' lang='lat' dir='ltr'>Stoioorum</span> <span class='ocrx_word' id='word_1_329' title='bbox 932 3242 1095 3315; x_wconf 88' lang='lat' dir='ltr'>dijudicanda</span> <span class='ocrx_word' id='word_1_330' title='bbox 1111 3247 1151 3298; x_wconf 78' lang='lat' dir='ltr'>vir</span> 
     </span>
     <span class='ocr_line' id='line_1_34' title="bbox 72 3324 1150 3405; baseline 0.001 -21"><span class='ocrx_word' id='word_1_331' title='bbox 72 3330 113 3384; x_wconf 89' lang='lat' dir='ltr'>ille</span> <span class='ocrx_word' id='word_1_332' title='bbox 124 3329 245 3405; x_wconf 71' lang='lat' dir='ltr'>egregius</span> <span class='ocrx_word' id='word_1_333' title='bbox 264 3328 332 3399; x_wconf 81' lang='lat' dir='ltr'>justo</span> <span class='ocrx_word' id='word_1_334' title='bbox 343 3324 461 3399; x_wconf 80' lang='lat' dir='ltr'>cupidius</span> <span class='ocrx_word' id='word_1_335' title='bbox 472 3334 585 3379; x_wconf 84' lang='lat' dir='ltr'>versatus</span> <span class='ocrx_word' id='word_1_336' title='bbox 595 3336 632 3379; x_wconf 88' lang='lat' dir='ltr'>est</span> <span class='ocrx_word' id='word_1_337' title='bbox 643 3364 651 3393; x_wconf 83' lang='lat'>‚</span> <span class='ocrx_word' id='word_1_338' title='bbox 672 3324 766 3399; x_wconf 88' lang='lat' dir='ltr'>qnippe</span> <span class='ocrx_word' id='word_1_339' title='bbox 782 3326 845 3399; x_wconf 87' lang='lat' dir='ltr'>qni,</span> <span class='ocrx_word' id='word_1_340' title='bbox 858 3346 939 3399; x_wconf 89' lang='lat' dir='ltr'>quum</span> <span class='ocrx_word' id='word_1_341' title='bbox 958 3329 1010 3404; x_wconf 87' lang='lat' dir='ltr'>ipse</span> <span class='ocrx_word' id='word_1_342' title='bbox 1022 3333 1130 3385; x_wconf 83' lang='lat' dir='ltr'>fateatur</span> <span class='ocrx_word' id='word_1_343' title='bbox 1141 3370 1150 3400; x_wconf 95' lang='lat'>,</span> 
     </span>
     <span class='ocr_line' id='line_1_35' title="bbox 72 3406 1151 3485; baseline 0 -18"><span class='ocrx_word' id='word_1_344' title='bbox 72 3410 247 3485; x_wconf 71' lang='lat' dir='ltr'>disputationis</span> <span class='ocrx_word' id='word_1_345' title='bbox 258 3408 335 3480; x_wconf 81' lang='lat' dir='ltr'>hujus</span> <span class='ocrx_word' id='word_1_346' title='bbox 345 3420 494 3479; x_wconf 80' lang='lat' dir='ltr'>argumenta</span> <span class='ocrx_word' id='word_1_347' title='bbox 506 3406 617 3479; x_wconf 85' lang='lat' dir='ltr'>periisse,</span> <span class='ocrx_word' id='word_1_348' title='bbox 626 3426 675 3459; x_wconf 86' lang='lat' dir='ltr'>nee</span> <span class='ocrx_word' id='word_1_349' title='bbox 685 3406 734 3459; x_wconf 89' lang='lat' dir='ltr'>sibi</span> <span class='ocrx_word' id='word_1_350' title='bbox 745 3408 841 3461; x_wconf 74' lang='lat' dir='ltr'>claram</span> <span class='ocrx_word' id='word_1_351' title='bbox 851 3410 882 3461; x_wconf 85' lang='lat' dir='ltr'>de</span> <span class='ocrx_word' id='word_1_352' title='bbox 891 3430 921 3463; x_wconf 86' lang='lat' dir='ltr'>ea</span> <span class='ocrx_word' id='word_1_353' title='bbox 930 3411 1057 3466; x_wconf 86' lang='lat' dir='ltr'>obversari</span> <span class='ocrx_word' id='word_1_354' title='bbox 1066 3414 1151 3467; x_wconf 89' lang='lat' dir='ltr'>notio·</span> 
     </span>
     <span class='ocr_line' id='line_1_36' title="bbox 71 3490 1151 3570; baseline 0.002 -21"><span class='ocrx_word' id='word_1_355' title='bbox 71 3516 141 3560; x_wconf 89' lang='lat' dir='ltr'>nem,</span> <span class='ocrx_word' id='word_1_356' title='bbox 153 3514 248 3568; x_wconf 88' lang='lat' dir='ltr'>parum</span> <span class='ocrx_word' id='word_1_357' title='bbox 265 3506 351 3547; x_wconf 87' lang='lat' dir='ltr'>tamen</span> <span class='ocrx_word' id='word_1_358' title='bbox 361 3510 414 3546; x_wconf 88' lang='lat' dir='ltr'>sese</span> <span class='ocrx_word' id='word_1_359' title='bbox 426 3490 512 3545; x_wconf 90' lang='lat' dir='ltr'>abesse</span> <span class='ocrx_word' id='word_1_360' title='bbox 523 3490 688 3564; x_wconf 87' lang='lat' dir='ltr'>pronuntiat,</span> <span class='ocrx_word' id='word_1_361' title='bbox 700 3492 766 3561; x_wconf 86' lang='lat' dir='ltr'>quin</span> <span class='ocrx_word' id='word_1_362' title='bbox 778 3490 957 3547; x_wconf 82' lang='lat' dir='ltr'>subtilitatibus</span> <span class='ocrx_word' id='word_1_363' title='bbox 967 3497 1059 3549; x_wconf 88' lang='lat' dir='ltr'>oosetis</span> <span class='ocrx_word' id='word_1_364' title='bbox 1077 3510 1151 3570; x_wconf 90' lang='lat' dir='ltr'>atque</span> 
     </span>
     <span class='ocr_line' id='line_1_37' title="bbox 71 3574 1151 3652; baseline 0.002 -17"><span class='ocrx_word' id='word_1_365' title='bbox 71 3580 189 3635; x_wconf 80' lang='lat' dir='ltr'>contortis</span> <span class='ocrx_word' id='word_1_366' title='bbox 199 3616 207 3645; x_wconf 86' lang='lat'>,</span> <span class='ocrx_word' id='word_1_367' title='bbox 218 3579 280 3633; x_wconf 83' lang='lat' dir='ltr'>satis</span> <span class='ocrx_word' id='word_1_368' title='bbox 293 3579 387 3652; x_wconf 90' lang='lat' dir='ltr'>quippe</span> <span class='ocrx_word' id='word_1_369' title='bbox 398 3574 571 3649; x_wconf 76' lang='lat' dir='ltr'>frequentibus</span> <span class='ocrx_word' id='word_1_370' title='bbox 584 3574 652 3630; x_wconf 86' lang='lat' dir='ltr'>Stote</span> <span class='ocrx_word' id='word_1_371' title='bbox 663 3615 671 3643; x_wconf 89' lang='lat'>,</span> <span class='ocrx_word' id='word_1_372' title='bbox 682 3575 845 3631; x_wconf 86' lang='lat' dir='ltr'>tribuendam</span> <span class='ocrx_word' id='word_1_373' title='bbox 858 3578 999 3635; x_wconf 84' lang='lat' dir='ltr'>arbitretur.</span> <span class='ocrx_word' id='word_1_374' title='bbox 1010 3582 1151 3638; x_wconf 81' lang='lat' dir='ltr'>Enimvero</span> 
     </span>
     <span class='ocr_line' id='line_1_38' title="bbox 69 3658 1150 3735; baseline 0.006 -19"><span class='ocrx_word' id='word_1_375' title='bbox 69 3666 206 3719; x_wconf 81' lang='lat' dir='ltr'>verisimile</span> <span class='ocrx_word' id='word_1_376' title='bbox 219 3675 272 3727; x_wconf 88' lang='lat' dir='ltr'>est,</span> <span class='ocrx_word' id='word_1_377' title='bbox 283 3682 363 3735; x_wconf 91' lang='lat' dir='ltr'>quum</span> <span class='ocrx_word' id='word_1_378' title='bbox 375 3662 454 3715; x_wconf 83' lang='lat' dir='ltr'>virtus</span> <span class='ocrx_word' id='word_1_379' title='bbox 464 3678 580 3715; x_wconf 86' lang='lat' dir='ltr'>summus</span> <span class='ocrx_word' id='word_1_380' title='bbox 592 3658 652 3713; x_wconf 85' lang='lat' dir='ltr'>finis</span> <span class='ocrx_word' id='word_1_381' title='bbox 664 3661 697 3713; x_wconf 90' lang='lat' dir='ltr'>sit</span> <span class='ocrx_word' id='word_1_382' title='bbox 709 3662 791 3729; x_wconf 80' lang='lat' dir='ltr'>Stosr,</span> <span class='ocrx_word' id='word_1_383' title='bbox 804 3663 837 3716; x_wconf 87' lang='lat' dir='ltr'>ad</span> <span class='ocrx_word' id='word_1_384' title='bbox 852 3684 931 3734; x_wconf 80' lang='lat' dir='ltr'>quam</span> <span class='ocrx_word' id='word_1_385' title='bbox 943 3669 1150 3723; x_wconf 81' lang='lat' dir='ltr'>contendendum</span> 
     </span>
     <span class='ocr_line' id='line_1_39' title="bbox 70 3742 1152 3823; baseline 0.004 -19"><span class='ocrx_word' id='word_1_386' title='bbox 70 3751 99 3803; x_wconf 90' lang='lat' dir='ltr'>sit</span> <span class='ocrx_word' id='word_1_387' title='bbox 109 3746 243 3823; x_wconf 75' lang='lat' dir='ltr'>sapientias</span> <span class='ocrx_word' id='word_1_388' title='bbox 254 3745 391 3810; x_wconf 91' lang='lat' dir='ltr'>studiosis,</span> <span class='ocrx_word' id='word_1_389' title='bbox 403 3742 501 3797; x_wconf 84' lang='lat' dir='ltr'>Stoicos</span> <span class='ocrx_word' id='word_1_390' title='bbox 519 3743 585 3796; x_wconf 89' lang='lat' dir='ltr'>illud</span> <span class='ocrx_word' id='word_1_391' title='bbox 595 3744 740 3815; x_wconf 69' lang='lat' dir='ltr'>quesivisse</span> <span class='ocrx_word' id='word_1_392' title='bbox 750 3785 758 3813; x_wconf 93' lang='lat'>,</span> <span class='ocrx_word' id='word_1_393' title='bbox 770 3749 949 3818; x_wconf 85' lang='lat' dir='ltr'>materialiter,</span> <span class='ocrx_word' id='word_1_394' title='bbox 960 3770 994 3804; x_wconf 90' lang='lat' dir='ltr'>an</span> <span class='ocrx_word' id='word_1_395' title='bbox 1010 3755 1152 3808; x_wconf 79' lang='lat' dir='ltr'>formaliter</span> 
     </span>
     <span class='ocr_line' id='line_1_40' title="bbox 70 3827 1151 3907; baseline 0.004 -18"><span class='ocrx_word' id='word_1_396' title='bbox 70 3842 79 3903; x_wconf 92' lang='lat'><strong>(</strong></span> <span class='ocrx_word' id='word_1_397' title='bbox 89 3850 117 3889; x_wconf 91' lang='lat' dir='ltr'>nt</span> <span class='ocrx_word' id='word_1_398' title='bbox 127 3834 223 3889; x_wconf 89' lang='lat' dir='ltr'>nostris</span> <span class='ocrx_word' id='word_1_399' title='bbox 237 3830 320 3885; x_wconf 81' lang='lat' dir='ltr'>verbis</span> <span class='ocrx_word' id='word_1_400' title='bbox 330 3827 405 3897; x_wconf 84' lang='lat' dir='ltr'>utar)</span> <span class='ocrx_word' id='word_1_401' title='bbox 415 3827 569 3883; x_wconf 86' lang='lat' dir='ltr'>adbibeudte</span> <span class='ocrx_word' id='word_1_402' title='bbox 581 3828 632 3882; x_wconf 89' lang='lat' dir='ltr'>sint</span> <span class='ocrx_word' id='word_1_403' title='bbox 642 3830 694 3885; x_wconf 87' lang='lat' dir='ltr'>illte</span> <span class='ocrx_word' id='word_1_404' title='bbox 712 3831 862 3907; x_wconf 77' lang='lat' dir='ltr'>discipliuae.</span> <span class='ocrx_word' id='word_1_405' title='bbox 872 3834 1001 3889; x_wconf 67' lang='lat' dir='ltr'>Diximus</span> <span class='ocrx_word' id='word_1_406' title='bbox 1010 3837 1060 3893; x_wconf 92' lang='lat' dir='ltr'>boe</span> <span class='ocrx_word' id='word_1_407' title='bbox 1071 3859 1085 3891; x_wconf 95' lang='lat' dir='ltr'>e</span> <span class='ocrx_word' id='word_1_408' title='bbox 1098 3840 1151 3893; x_wconf 87' lang='lat' dir='ltr'>Se-</span> 
     </span>
     <span class='ocr_line' id='line_1_41' title="bbox 68 3914 1153 3992; baseline 0.003 -17"><span class='ocrx_word' id='word_1_409' title='bbox 68 3940 129 3975; x_wconf 86' lang='lat' dir='ltr'>neca</span> <span class='ocrx_word' id='word_1_410' title='bbox 139 3957 148 3986; x_wconf 92' lang='lat'>,</span> <span class='ocrx_word' id='word_1_411' title='bbox 160 3918 207 3992; x_wconf 89' lang='lat' dir='ltr'>qui</span> <span class='ocrx_word' id='word_1_412' title='bbox 219 3916 268 3970; x_wconf 84' lang='lat' dir='ltr'>bae</span> <span class='ocrx_word' id='word_1_413' title='bbox 278 3936 317 3989; x_wconf 85' lang='lat' dir='ltr'>ep.</span> <span class='ocrx_word' id='word_1_414' title='bbox 328 3915 385 3969; x_wconf 88' lang='lat' dir='ltr'>init.</span> <span class='ocrx_word' id='word_1_415' title='bbox 396 3915 445 3969; x_wconf 88' lang='lat' dir='ltr'>ait:</span> <span class='ocrx_word' id='word_1_416' title='bbox 454 3926 595 3988; x_wconf 64' lang='lat' dir='ltr'>preparant</span> <span class='ocrx_word' id='word_1_417' title='bbox 610 3914 753 3989; x_wconf 72' lang='lat' dir='ltr'>ingenium.</span> <span class='ocrx_word' id='word_1_418' title='bbox 765 3918 923 3973; x_wconf 82' lang='lat' dir='ltr'>Sententiam</span> <span class='ocrx_word' id='word_1_419' title='bbox 940 3919 1036 3975; x_wconf 82' lang='lat' dir='ltr'>banoee</span> <span class='ocrx_word' id='word_1_420' title='bbox 1053 3921 1153 3978; x_wconf 79' lang='lat' dir='ltr'>secutui</span> 
     </span>
     <span class='ocr_line' id='line_1_42' title="bbox 69 4000 509 4074; baseline -0.018 -14"><span class='ocrx_word' id='word_1_421' title='bbox 69 4020 119 4074; x_wconf 87' lang='lat' dir='ltr'>est,</span> <span class='ocrx_word' id='word_1_422' title='bbox 130 4019 156 4059; x_wconf 86' lang='lat' dir='ltr'>et</span> <span class='ocrx_word' id='word_1_423' title='bbox 166 4002 284 4058; x_wconf 78' lang='lat' dir='ltr'>defendit</span> <span class='ocrx_word' id='word_1_424' title='bbox 291 4002 362 4055; x_wconf 89' lang='lat' dir='ltr'>Zeno</span> <span class='ocrx_word' id='word_1_425' title='bbox 372 4000 509 4053; x_wconf 74' lang='lat' dir='ltr'>&#39;l&#39;arsensin</span> 
     </span>
    </p>

    <p class='ocr_par' dir='ltr' id='par_1_5' title="bbox 68 4085 1152 4241">
     <span class='ocr_line' id='line_1_43' title="bbox 101 4085 1152 4164; baseline 0.003 -21"><span class='ocrx_word' id='word_1_426' title='bbox 101 4090 155 4161; x_wconf 81' lang='lat' dir='ltr'>Qui</span> <span class='ocrx_word' id='word_1_427' title='bbox 168 4109 233 4145; x_wconf 82' lang='lat' dir='ltr'>vero</span> <span class='ocrx_word' id='word_1_428' title='bbox 244 4089 275 4141; x_wconf 89' lang='lat' dir='ltr'>de</span> <span class='ocrx_word' id='word_1_429' title='bbox 286 4086 398 4148; x_wconf 85' lang='lat' dir='ltr'>artibus,</span> <span class='ocrx_word' id='word_1_430' title='bbox 411 4102 468 4157; x_wconf 80' lang='lat' dir='ltr'>qute</span> <span class='ocrx_word' id='word_1_431' title='bbox 482 4085 551 4159; x_wconf 87' lang='lat' dir='ltr'>apud</span> <span class='ocrx_word' id='word_1_432' title='bbox 562 4086 667 4141; x_wconf 85' lang='lat' dir='ltr'>Graecos</span> <span class='ocrx_word' id='word_1_433' title='bbox 677 4088 803 4156; x_wconf 86' lang='lat' dir='ltr'>lloruere,</span> <span class='ocrx_word' id='word_1_434' title='bbox 819 4087 982 4154; x_wconf 82' lang='lat' dir='ltr'>liberalibus,</span> <span class='ocrx_word' id='word_1_435' title='bbox 997 4093 1071 4164; x_wconf 89' lang='lat' dir='ltr'>plura</span> <span class='ocrx_word' id='word_1_436' title='bbox 1087 4094 1152 4147; x_wconf 88' lang='lat' dir='ltr'>seire</span> 
     </span>
     <span class='ocr_line' id='line_1_44' title="bbox 68 4167 1151 4241; baseline 0.001 -13"><span class='ocrx_word' id='word_1_437' title='bbox 68 4176 145 4241; x_wconf 79' lang='lat' dir='ltr'>velit,</span> <span class='ocrx_word' id='word_1_438' title='bbox 159 4173 182 4226; x_wconf 88' lang='lat' dir='ltr'>is</span> <span class='ocrx_word' id='word_1_439' title='bbox 195 4172 272 4226; x_wconf 83' lang='lat' dir='ltr'>adeat</span> <span class='ocrx_word' id='word_1_440' title='bbox 288 4167 428 4223; x_wconf 87' lang='lat' dir='ltr'>Wowerii</span> <span class='ocrx_word' id='word_1_441' title='bbox 442 4167 634 4240; x_wconf 80' lang='lat' dir='ltr'>Polymathiam</span> <span class='ocrx_word' id='word_1_442' title='bbox 645 4204 653 4236; x_wconf 89' lang='lat'>,</span> <span class='ocrx_word' id='word_1_443' title='bbox 664 4182 690 4225; x_wconf 88' lang='lat' dir='ltr'>st</span> <span class='ocrx_word' id='word_1_444' title='bbox 703 4170 764 4223; x_wconf 85' lang='lat' dir='ltr'>Ger.</span> <span class='ocrx_word' id='word_1_445' title='bbox 776 4171 820 4225; x_wconf 79' lang='lat' dir='ltr'>Jo.</span> <span class='ocrx_word' id='word_1_446' title='bbox 831 4171 952 4224; x_wconf 84' lang='lat' dir='ltr'>Vossium</span> <span class='ocrx_word' id='word_1_447' title='bbox 965 4172 998 4225; x_wconf 90' lang='lat' dir='ltr'>de</span> <span class='ocrx_word' id='word_1_448' title='bbox 1007 4174 1045 4228; x_wconf 82' lang='lat' dir='ltr'>lv</span> <span class='ocrx_word' id='word_1_449' title='bbox 1056 4174 1151 4229; x_wconf 80' lang='lat' dir='ltr'>artibus</span> 
     </span>
    </p>
   </div>
   <div class='ocr_carea' id='block_1_3' title="bbox 68 4258 1024 4443">
    <p class='ocr_par' dir='ltr' id='par_1_6' title="bbox 68 4258 1024 4443">
     <span class='ocr_line' id='line_1_45' title="bbox 68 4258 312 4333; baseline -0.025 -18"><span class='ocrx_word' id='word_1_450' title='bbox 68 4258 254 4333; x_wconf 74' lang='lat' dir='ltr'>popularibus,</span> <span class='ocrx_word' id='word_1_451' title='bbox 266 4267 312 4310; x_wconf 78' lang='lat' dir='ltr'>ste.</span> 
     </span>
     <span class='ocr_line' id='line_1_46' title="bbox 194 4354 1024 4443; baseline 0.005 -21"><span class='ocrx_word' id='word_1_452' title='bbox 194 4354 258 4422; x_wconf 92' lang='lat'>111.</span> <span class='ocrx_word' id='word_1_453' title='bbox 977 4357 1024 4443; x_wconf 74' lang='grc' dir='ltr'>4ο</span> 
     </span>
    </p>
   </div>
   <div class='ocr_carea' id='block_1_4' title="bbox 0 0 1492 4992">
    <p class='ocr_par' dir='ltr' id='par_1_7' title="bbox 0 0 1492 4992">
     <span class='ocr_line' id='line_1_47' title="bbox 0 0 1492 4992; baseline 0 4"><span class='ocrx_word' id='word_1_454' title='bbox 0 0 1492 4992; x_wconf 95' lang='lat' dir='ltr'> </span> 
     </span>
    </p>
   </div>
  </div>
 </body>
</html>
