2975 4992
327 430 395 497 '²26
618 433 658 497 L.
683 424 866 495 ANNAEI
889 426 1108 497 SENECAE

324 556 369 626 ad
387 572 531 626 mortem
550 558 692 629 veniunt
717 558 793 625 aiae
810 557 889 626 odio
908 559 1006 641 vita,
1026 574 1062 625 et
1077 556 1263 627 admittunt
1279 561 1365 631 illam
1383 616 1394 647 ,

193 706 197 715 ·
271 679 301 744 ¹4
325 699 395 743 non
413 672 601 743 attrahunt.
637 673 762 742 «Illud
778 671 942 765 quidem,
962 673 1098 757 aiebat,
1122 691 1323 744 tormentum
1340 704 1399 747 no·

324 808 394 860 atra
418 816 479 860 noa
506 792 633 860 sentire
659 814 784 883 opera,
820 788 915 883 quod
939 806 1020 859 tunc
1042 790 1272 885 trepidamus,
1297 818 1398 885 quum

323 931 431 1002 prope
451 932 472 975 a
489 908 587 976 nobis
605 931 678 977 ease
694 906 866 976 eredimus
878 923 1034 975 mortem.
1052 911 1083 977 Δ
1100 933 1169 1001 quo
1184 912 1276 978 euim
1294 936 1398 1005 prope

323 1048 393 1093 non
410 1040 463 1093 eat
475 1030 500 1108 ¹,
528 1040 646 1119 parata
663 1025 821 1093 omuibus
843 1025 926 1093 lucia
943 1025 1169 1117 omnibusque
1190 1030 1400 1097 momentis?

276 1129 391 1210 ”Sed
418 1140 695 1223 consideremus,
724 1140 865 1232 inquit,
894 1156 1000 1225 tune,
1034 1166 1139 1233 quum
1165 1142 1281 1234 aliqua
1302 1167 1399 1212 eausa

322 1253 492 1325 moriendi
517 1254 653 1329 ridetur
671 1255 855 1339 accedere,
871 1270 999 1347 quanto
1015 1255 1088 1324 aliae
1104 1258 1284 1350 propiores
1301 1260 1396 1343 sint,

322 1394 398 1463 quae
416 1394 485 1439 non
503 1354 678 1439 timentur.
702 1372 847 1440 »Hostia
870 1370 973 1439 alicui
997 1386 1139 1441 mortem
1167 1372 1362 1441 minabatur
1386 1400 1396 1438 ·.

321 1488 411 1555 hanc
427 1485 577 1556 eruditas
595 1486 787 1579 occupavit.
804 1486 841 1553 Si
859 1484 1070 1579 distinguere
1088 1487 1296 1557 voluerimus
1314 1512 1397 1557 cau·

323 1632 377 1679 aaa
396 1626 504 1679 metus
520 1610 651 1694 nostri,
681 1609 893 1677 inveniemus
912 1610 997 1677 aliae
1015 1634 1113 1693 esee,
1141 1612 1224 1679 aliae
1245 1616 1259 1645 ²
1271 1611 1401 1683 videri.

268 1751 298 1801 15
323 1730 400 1796 Non
419 1742 562 1795 mortem
578 1727 755 1807 timemus,
773 1725 833 1793 aed
847 1727 1087 1819 cogitationem
1104 1730 1223 1797 mortis
1244 1755 1252 1794 :
1269 1729 1316 1797 ab
1330 1730 1403 1821 ipsa

324 1841 417 1909 enim
436 1862 571 1933 semper
588 1837 799 1907 tantumdem
814 1839 987 1911 abaumua.
1005 1845 1077 1927 Ita,
1099 1846 1127 1912 ai
1147 1842 1298 1911 timenda
1312 1868 1405 1911 mora

324 1969 398 2037 eat,
414 1975 550 2046 semper
562 1952 712 2021 timenda
726 1968 778 2019 eat
792 1978 801 2020 :
818 1952 912 2044 quod
923 1957 1015 2025 enim
1027 1959 1126 2025 morti
1140 1973 1271 2049 tempus
1283 1975 1406 2023 exem-

324 2085 421 2163 ptum
436 2070 514 2136 eat?
622 2146 625 2153 ¹
996 2156 1005 2171 ·

372 2180 444 2253 Sed
450 2182 565 2251 vereri
577 2181 685 2250 debeo
701 2232 709 2265 ‚
727 2200 851 2251 aetam
865 2182 1155 2279 longaaepiatolaa
1168 2187 1278 2279 pejus,
1297 2211 1406 2279 quam

324 2313 485 2381 mortem,
508 2295 622 2366 oderis
645 2324 653 2363 ι
675 2299 790 2391 itaque
814 2298 918 2368 finem
936 2301 1070 2369 faciam.
1092 2306 1148 2371 Tu
1166 2320 1280 2371 tamen
1302 2328 1407 2371 mor-

324 2430 418 2499 tem,
437 2427 476 2481 ut
493 2436 668 2503 nunquam
687 2414 826 2498 timeas,
847 2436 981 2508 semper
996 2415 1118 2508 cogita.
1141 2415 1237 2484 Vale.

361 2668 382 2701 ι.
396 2650 423 2699 Α
435 2666 486 2717 quo
496 2650 564 2699 enim
576 2665 658 2717 prope
667 2656 777 2699 nonest.
789 2645 834 2698 Sie
884 2648 972 2700 mortis
984 2666 1084 2718 eausa,
1099 2649 1267 2721 reperiemus,
1283 2650 1309 2703 si
1318 2662 1410 2704 atten-

323 2728 529 2796 Eraamua‚vetua
539 2725 616 2779 editio
626 2740 650 2779 et
656 2726 770 2779 Muretus
778 2744 836 2779 cum
886 2723 974 2777 damna
983 2764 990 2787 ,
1000 2725 1062 2777 alias
1072 2744 1125 2777 esse
1132 2726 1208 2800 lunge
1215 2726 1299 2799 magia
1311 2745 1410 2779 revera

324 2808 442 2861 Gmtero.
451 2806 550 2883 Lipsiae
557 2806 650 2872 omisit,
660 2806 731 2859 nulla
739 2804 837 2858 ratione
885 2804 1010 2857 timendae
1021 2816 1047 2856 et
1062 2805 1182 2877 megitia
1195 2805 1336 2879 prasentia
1349 2805 1412 2856 im·-

324 2884 430 2957 adjetta.
438 2882 528 2937 Ruta.
886 2880 1019 2937 mineum,
1029 2881 1167 2952 Lagmnge
1176 2883 1251 2936 vertit
1259 2884 1358 2937 :Nous
1370 2886 1413 2935 les

359 2982 381 3013 a.
393 2963 472 3014 Alias
483 2981 553 3025 esse,
571 2966 642 3016 alias
660 2963 753 3015 videri.
767 2960 838 3011 Dum
886 2958 1410 3026 trouvemmpamorirsdenosatarma)

324 3040 441 3109 quaedam
468 3039 543 3095 uobis
574 3041 693 3095 timenda
721 3039 839 3092 videntur
887 3048 1040 3093 toutautm
1054 3042 1357 3107 qu’ilsnepamissenl.
