2975 4992
353 415 399 484 αθ
620 415 652 484 J.
677 417 1176 490 SCHWEIGHAEUSERI

351 555 593 640 portentosisqne
605 558 803 638 lectionibus,
818 574 850 626 et
862 561 1069 645 frequentibus
1078 563 1244 647 praesertim
1257 563 1419 648 interpota-

351 661 484 724 tionibus
497 683 534 726 ex
548 663 671 727 scholiis
682 665 715 728 in
726 680 898 734 contextum
909 669 1053 752 receptis,
1066 683 1191 733 scatere.
1205 669 1418 734 Verumtamen

351 789 416 832 non
431 769 532 834 solnm
543 771 718 856 frequenter
737 777 903 838 admodum
916 797 986 840 curn
1001 777 1212 840 vetustioribus
1227 779 1377 842 codicibus
1390 781 1418 841 in

354 875 490 959 probatis
503 877 698 957 lectionibus,
724 901 799 962 quas
822 881 979 944 restituere
998 879 1122 948 Senecae
1145 883 1320 957 debuimus,
1344 898 1420 947 recte

353 981 404 1065 bic
417 982 499 1045 idem
510 985 604 1046 codex
615 986 778 1059 consentin
795 989 849 1049 scd
861 985 941 1050 haud
952 989 1055 1072 paucis
1071 989 1164 1052 ctiam
1176 988 1208 1051 in
1223 989 1312 1068 locis,
1330 991 1380 1052 nbi
1394 992 1422 1051 in

354 1088 428 1151 vitio
442 1089 554 1152 cubent
564 1092 757 1171 vetustiores,
771 1113 877 1154 veram
889 1093 1070 1157 hauddubie
1083 1107 1113 1157 et
1124 1095 1283 1178 genuinam
1296 1097 1422 1158 auctoris

355 1195 537 1280 scripturam
550 1196 690 1260 amarit.

396 1301 478 1368 Cum
498 1305 556 1368 isto
577 1317 683 1368 nostro
701 1307 762 1368 md.
784 1329 810 1368 c.
826 1308 1006 1392 cognatione
1026 1311 1157 1392 quadum
1175 1310 1324 1392 conjuncti
1340 1323 1422 1382 stunt,

356 1409 428 1474 licet
445 1409 575 1472 multum
592 1411 707 1493 passim
720 1425 752 1475 et
764 1413 804 1474 ab
819 1413 873 1475 illo
889 1427 920 1476 et
935 1415 1013 1477 inter
1027 1435 1059 1478 se
1075 1415 1298 1492 dissentientes,
1312 1427 1426 1498 quatuor

356 1516 404 1578 illi
418 1516 551 1577 Palatini
562 1530 594 1580 et
606 1501 691 1579 nnus
701 1517 894 1595 menimis,
909 1541 985 1602 qum
996 1520 1092 1581 ianus
1115 1521 1271 1596 Gmtcrus,
1288 1540 1359 1582 rara
1373 1523 1426 1582 ad-

357 1624 484 1685 modum
496 1621 571 1702 (illis
584 1624 752 1705 prasertim
766 1625 968 1707 temporibus)
982 1625 1154 1709 diligentis,
1169 1647 1239 1689 cum
1250 1623 1427 1688 Erasmiauo

359 1728 500 1812 exemplo
514 1728 652 1801 contulit;
669 1749 799 1811 qnorum
810 1730 936 1812 quilibet
949 1729 1189 1820 omnesbenecte
1199 1729 1428 1815 Epistoluscon

360 1835 484 1899 tinebat.
497 1834 561 1917 Qui
582 1838 705 1920 quidem
728 1837 814 1901 sicuti
833 1837 941 1922 singuli
953 1851 984 1900 et
995 1851 1080 1900 aetute
1094 1851 1126 1900 et
1138 1838 1308 1923 prostantis
1326 1839 1431 1901 cedunt

361 1941 472 2005 nostris
487 1943 640 2007 codicibus
653 1967 684 2006 a.
702 1955 733 2006 et
744 1945 792 2020 d.,
805 1945 848 2007 sic
864 1966 901 2006 ex
921 1945 1035 2008 eisdem
1047 1945 1200 2022 nonnulli,
1217 1967 1253 2008 sc
1267 1947 1430 2028 prasertim

361 2050 515 2110 Palatinus
528 2049 684 2127 secundus,
706 2063 736 2112 et
752 2050 914 2134 posthunc
930 2051 1122 2124 Coloniensi,
1137 2063 1241 2114 nostro
1254 2073 1313 2114 ms.
1322 2075 1350 2112 c.
1366 2065 1431 2113 sunt

362 2157 595 2238 praestantiores.
607 2157 651 2218 At
664 2179 738 2219 vero
752 2157 861 2236 etism,
877 2159 1078 2237 econtrario,
1099 2159 1153 2220 nbi
1168 2159 1199 2220 bi
1216 2158 1275 2242 ipsi
1291 2158 1428 2233 codices,

362 2283 439 2343 quos
458 2266 549 2328 modo
562 2264 698 2341 laudavi,
714 2266 854 2328 vitiosam
875 2264 991 2328 hebent
1010 2265 1208 2349 scriptoram,
1233 2265 1276 2326 ibi
1293 2285 1431 2326 nonnun-

362 2391 456 2450 quam
469 2371 501 2430 in
513 2372 648 2434 Palatino
660 2375 769 2454 pn'rno,
784 2377 879 2448 unm,
895 2386 947 2434 ant
961 2381 1076 2456 quarto,
1101 2385 1219 2435 servata
1234 2384 1279 2434 est
1293 2392 1366 2433 vers
1383 2385 1432 2432 ant

331 2503 334 2508 ·
363 2463 443 2538 versu
455 2478 595 2560 proxima
608 2479 755 2562 scriptura
766 2503 774 2550 ;
785 2481 868 2561 quod
876 2480 907 2540 in
921 2480 1089 2563 posteriore
1100 2477 1266 2561 pmerum
1277 2475 1433 2560 Epistola-

363 2605 432 2645 rum
450 2597 538 2667 parte
557 2585 682 2648 subinde
696 2585 873 2648 observasse
893 2586 969 2648 mihi
983 2587 1096 2648 videor.
1113 2583 1217 2666 ltaque
1232 2584 1263 2644 in
1280 2582 1434 2645 codicibus

361 2689 443 2764 istis,
471 2710 547 2773 qnos
570 2691 618 2754 vei
637 2711 695 2754 nos
717 2691 775 2773 ipsi
795 2692 995 2768 excussimus,
1019 2690 1068 2753 vei
1082 2711 1100 2752 e
1115 2689 1222 2772 quibus
1241 2703 1434 2772 excerptess

363 2797 437 2860 viris
456 2798 553 2860 doctis
571 2797 717 2864 lectiones
738 2798 771 2858 in
788 2798 928 2869 manibus
946 2797 1111 2874 babemus,
1134 2797 1216 2858 idem
1237 2794 1435 2858 fere-obtinet

293 2934 296 2941 ·
362 2906 445 2984 quod
464 2905 502 2966 de
519 2903 637 2967 duobus
650 2904 720 2966 eliis
733 2905 901 2979 auctum,
914 2927 951 2966 en
966 2905 1121 2966 Britannia
1132 2901 1207 2963 oiim
1217 2899 1348 2984 acceptis
1358 2902 1434 2962 Era·

363 3031 446 3074 smus
458 3010 570 3073 alicubi
585 3012 769 3075 memorauit
777 3023 797 3074 ¹.

410 3117 499 3199 Typr's
507 3118 696 3194 encusilidri,
711 3139 787 3202 qnos
796 3117 828 3180 in
838 3117 1044 3181 constituenda
1054 3116 1150 3180 nostri
1162 3113 1293 3197 exempli
1305 3113 1434 3176 lectione

364 3226 405 3286 ad
417 3237 525 3286 munus
535 3223 710 3303 babuimus,
723 3246 760 3287 ac
773 3225 883 3310 purtim
894 3236 1076 3302 constanter,
1089 3221 1201 3307 partim
1212 3242 1285 3284 vero
1296 3220 1438 3284 indubiis

398 3435 552 3490 ¹Erucmuc
567 3437 595 3490 in
610 3437 770 3510 punistione,
788 3435 865 3510 priori
885 3455 937 3491 suce
953 3435 1061 3490 editioni
1083 3437 1197 3509 Operum
1213 3433 1319 3488 Seneee
1338 3435 1435 3501 (quam

364 3518 466 3590 quidem
480 3520 572 3574 deinde
585 3541 630 3594 pro
642 3541 688 3574 cue
699 3508 788 3574 baberi
801 3517 901 3588 noluit)
914 3521 1051 3595 premissa,
1065 3534 1196 3594 postquem
1207 3529 1345 3586 utrumque
1355 3535 1394 3568 ex
1405 3517 1438 3567 ii-

364 3606 399 3658 iis
412 3604 575 3659 Britannicis
585 3609 713 3660 codicibus
727 3609 916 3662 mendosiorem
930 3608 1046 3676 vulgatis
1059 3603 1258 3674 exemplaribus
1260 3601 1348 3668 fuisse
1360 3599 1436 3654 dixe-

365 3702 403 3741 rit
417 3709 423 3746 :
434 3691 514 3745 Illud
521 3703 610 3744 tumen
619 3693 733 3765 profuit,
748 3691 847 3762 inquit,
860 3693 931 3760 quad
940 3709 991 3742 non
1002 3691 1193 3743 consentiebant
1201 3695 1298 3740 errata.
1309 3685 1437 3745 Proinde,

364 3778 587 3846 mumadnmdum
599 3781 739 3847 aliquoties
740 3779 794 3850 fit,
810 3789 839 3830 ut
847 3781 947 3846 peritus
958 3786 984 3829 et
993 3783 1107 3827 attentus
1116 3777 1225 3838 iudea-e
1241 3774 1384 3824 muitarum
1402 3781 1440 3822 te·

364 3865 446 3916 atium
456 3867 589 3929 oratione,
602 3885 715 3933 quorum
727 3884 802 3918 mmo
812 3873 899 3916 tanuen
909 3881 1001 3914 verum
1014 3862 1104 3928 dicat,
1118 3879 1172 3913 rem
1182 3861 1302 3928 coiiigat,
1315 3861 1354 3911 ita
1364 3876 1414 3910 nos
1427 3877 1442 3910 e

365 3948 476 3999 diuersis
485 3950 587 4000 mendis
600 3969 692 4002 oerum
703 3950 856 4013 confecimus
867 3948 1007 4000 tectionem.
1019 3943 1112 3998 Causas
1123 3962 1198 4008 vero,
1212 3963 1257 3997 cur
1268 3963 1318 4017 pras
1327 3942 1383 3998 aliis
1396 3963 1440 3995 ve·

366 4044 447 4084 terum
462 4045 591 4086 auctorum
602 4033 699 4104 scriptis
713 4033 815 4086 Senecoe
826 4032 981 4105 potissimum
993 4047 1086 4104 opere,
1099 4043 1124 4082 et
1136 4029 1162 4082 in
1172 4029 1211 4081 bis
1223 4027 1357 4102 pracsertim
1371 4027 1441 4096 Epi·

366 4119 453 4184 stoioe,
465 4115 607 4191 prodigiose
618 4131 733 4190 corrupto
746 4118 772 4171 in
787 4115 867 4170 mustis
879 4115 948 4168 libris
962 4117 993 4167 ad
1012 4135 1058 4166 nos
1073 4113 1244 4187 pervenerint,
1261 4112 1440 4187 percommode

366 4200 434 4254 idem
445 4199 578 4257 Erasmus
588 4202 698 4276 exposuit
705 4202 732 4255 in
739 4202 852 4276 Epistola
860 4199 1071 4266 Nuacupatoris,
1084 4199 1200 4254 secundm
1209 4197 1320 4252 Editioni
1328 4196 1440 4270 prniiss,

368 4292 425 4361 pig.
439 4307 453 4340 a
465 4301 517 4358 th.
