2975 4992
399 482 670 555 aristoni
694 482 803 553 mx.
1076 486 1147 579 373δ

73 614 123 703 qui
147 609 362 703 prudentes,
390 615 449 705 qui
473 628 632 693 sanctos,
656 612 909 705 agnoscimus⁸.
937 614 1009 681 Nec
1027 636 1143 681 sumus

74 724 199 795 modion
227 724 423 795 laudatione
447 729 596 795 contenti
624 754 631 795 :
662 725 833 820 quidquid
857 727 894 795 in
913 750 976 793 uos
993 725 1144 795 adulatio

73 847 138 911 sine
147 842 285 937 pudore
295 845 482 939 congessit,
494 860 654 937 tanquam
665 844 817 915 debitum
826 843 1047 939 prendimus3
1060 846 1146 939 opti·

75 986 140 1029 mos
154 986 327 1041 neeesse,
345 962 629 1056 sapientissimos,
645 962 898 1031 affirmantibus
914 963 1143 1044 assentimur,

74 1101 176 1169 quum
190 1078 336 1145 sciamus
348 1077 425 1145 illos
438 1077 543 1145 multa
560 1079 738 1163 mentiri²3
757 1078 912 1169 adeoque
930 1075 1150 1170 indulgemus
1168 1144 1172 1149 .

76 1195 195 1277 nobis,
221 1210 261 1262 ut
285 1193 417 1263 laudari
446 1194 587 1264 velimus
613 1196 726 1277 inid,
749 1196 806 1265 oui
833 1195 1004 1263 contraria
1027 1219 1150 1287 quum·
1177 1234 1207 1268 u

76 1314 220 1381 maxime
240 1304 419 1379 lacimus⁵.
444 1312 659 1389 Mitissimum
685 1312 743 1381 ille
761 1336 798 1380 se
816 1314 853 1379 in
872 1312 958 1405 ipsis
973 1311 1151 1404 suppliciis

75 1428 189 1513 audit,
211 1431 247 1497 in
265 1428 396 1521 rapinis
414 1418 707 1513 liberalissimum,
725 1430 763 1497 in
776 1428 1000 1497 ebrietatibus
1011 1454 1053 1497 ae
1069 1429 1152 1498 libi·

77 1545 218 1613 dinibus
233 1546 589 1637 temperantissimum.
607 1546 769 1639 Sequitur
781 1546 916 1637 itaque,
931 1560 970 1613 ut
986 1544 1064 1613 ideo
1077 1570 1152 1615 mu·

78 1662 139 1729 tari
156 1661 316 1743 nolimus,
332 1662 413 1754 quia
426 1685 487 1730 nos
502 1663 646 1755 optimos
662 1686 735 1731 esse
749 1661 932 1731 credimus.
943 1656 1152 1730 ‘Alexander

78 1803 181 1871 quum
195 1780 269 1871 jam
291 1781 329 1846 in
352 1777 451 1847 India
470 1762 673 1873 vagaretur,
695 1796 730 1847 et
758 1794 899 1873 gentes,
926 1802 972 1847 ne
998 1780 1151 1848 finitimis

78 1894 217 1989 quidem
235 1896 317 1968 satis
335 1910 449 1982 notas,
479 1895 569 1965 bello
588 1911 756 1979 vastaret,
779 1898 814 1963 in
833 1893 1012 1964 obsidione
1035 1896 1152 1989 cujus·

79 2013 154 2080 dam
172 2012 295 2097 urbis,
317 2011 399 2081 dum
414 2014 570 2085 circumit
590 2036 704 2081 muros
726 2028 761 2080 et
786 2012 1048 2081 imbecillissima
1066 2038 1153 2083 mm-

80 2128 171 2205 ttium
202 2127 346 2221 quaerit,
377 2127 498 2219 sagitta
524 2128 632 2209 ictus,
660 2125 719 2194 diu
738 2126 922 2220 persedere
945 2143 980 2195 et
1007 2128 1153 2221 inempta

80 2380 142 2431 illud
156 2378 238 2441 Persii
253 2378 308 2431 Sat.
320 2378 367 2445 lv,
380 2378 420 2431 st.
436 2402 450 2427 ι
464 2380 499 2433 Ut
514 2399 590 2434 nemo
640 2400 756 2448 cramus,
767 2380 884 2455 probibet
895 2403 929 2435 ne
939 2383 1098 2437 attendamus
1109 2404 1151 2437 eos

81 2459 165 2511 insere
173 2469 252 2510 tentat
261 2455 425 2525 descendere,
435 2456 591 2511 nemolsll.
640 2472 664 2512 et
686 2458 713 2512 in
734 2460 788 2512 istis
808 2460 996 2514 adulationibus
1017 2461 1150 2515 mendaces

113 2560 135 2589 r.
146 2540 325 2607 Agrioscs'mus
335 2536 400 2593 bene
411 2538 468 2592 edd.
478 2538 510 2591 ab
522 2538 592 2593 Eras-
641 2554 701 2591 esse.
717 2539 782 2609 Qu
797 2537 969 2611 interpretatio
983 2539 1042 2592 satis
1060 2538 1151 2594 confir-

82 2618 309 2685 mulgnoses'rms
319 2615 516 2673 R.A.c.Sctw.
640 2615 1086 2686 matursequeutibuszssosopts‘mos
1095 2636 1151 2671 esse

111 2716 135 2747 a.
148 2696 240 2749 Multa
250 2698 361 2749 mentiri.
372 2696 415 2749 Sic
430 2710 495 2748 rscte
506 2696 545 2749 cd.
556 2696 592 2749 A.
639 2694 783 2759 credimus,
795 2694 810 2765 ς
823 2714 861 2751 rs.

81 2790 103 2827 et
113 2796 160 2827 ms.
175 2795 197 2828 c.
213 2774 292 2845 Seps
308 2780 394 2829 motta
406 2788 482 2831 ment.
500 2776 540 2830 ed.
556 2776 592 2827 lt.
674 2770 699 2822 3·
709 2771 991 2844 Adeoque-jacimur.
1003 2772 1071 2841 Quia
1082 2772 1150 2827 falae

80 2853 273 2921 Sarpemsiri
288 2854 436 2925 vulgosdd.
452 2856 547 2909 ιΜηι,
561 2856 591 2909 S,
640 2846 692 2902 ille
708 2848 796 2902 laudes
815 2862 946 2902 nutantem
968 2850 1151 2903 mascisutiaut

79 2930 241 2983 -Dilutuu
258 2944 306 2995 est,
322 2933 594 3002 aestimaturus·
641 2924 817 2994 confirmant,
843 2946 980 2999 earumque
1003 2928 1150 2983 anctoritate

80 3012 185 3061 maliti
192 3027 202 3060 :
213 3007 286 3081 quod
295 3022 358 3063 esset
363 3050 371 3072 ,
386 3030 465 3081 quum
473 3012 590 3079 sciamus,
641 3004 762 3070 nitimur,
774 3017 802 3058 ut
811 3004 885 3058 nobis
895 3025 989 3075 eaquae
998 3023 1045 3061 uos
1053 3027 1151 3061 remor·

80 3084 592 3161 badarispei,quaauobisaliquideap·
641 3082 700 3135 den!
710 3084 893 3137 condonemus·

80 3164 593 3237 tantb'pss'us.-1.qrorr3evertitbane
673 3164 697 3229 4.
705 3162 998 3215 Alexortder.Arnultis
1008 3162 1150 3216 auctoribus

80 3244 231 3297 senteutiam
249 3242 349 3297 tNons
368 3264 400 3296 rte
417 3246 592 3298 mundicam
641 3238 694 3293 buc
703 3239 850 3305 traduntur,
861 3260 923 3313 quos
934 3240 1037 3314 collegit
1047 3240 1152 3295 {freins-

77 3326 343 3393 pointceslouusrm
353 3326 536 3393 quosipuersous
545 3342 594 3375 sn-
641 3319 826 3375 bemadCurt.
834 3321 913 3387 vltt,
925 3320 1085 3374 matteum
1094 3320 1151 3373 Ma·

79 3400 166 3453 edium
174 3402 289 3468 qn'ettes
299 3402 478 3467 samsonem.
488 3402 593 3453 Prorsus
641 3416 708 3469 sagn
718 3397 845 3451 tenebant.
852 3398 934 3451 Pedes
942 3398 994 3451 ibat
1003 3418 1082 3469 quum
1090 3396 1149 3449 vul·

80 3490 163 3531 autem
173 3479 292 3531 (liveram
306 3498 357 3531 esse
371 3479 469 3531 videtur
486 3478 593 3533 auctoris
641 3488 771 3529 ueraretur
780 3476 808 3529 in
817 3496 888 3531 sura:
898 3476 941 3529 teli
952 3476 1050 3550 spiculo
1061 3476 1149 3531 evulso

79 3576 164 3609 seusus
175 3574 184 3610 t
197 3574 325 3626 nemque,
338 3577 415 3629 quum
429 3578 503 3630 supra
518 3556 592 3610 diae·
641 3552 774 3608 admoveri
785 3575 879 3626 equum
895 3556 981 3625 jussit,
999 3574 1052 3623 quo
1066 3568 1150 3610 vectus

80 3636 191 3689 rit2eito
215 3636 294 3689 nodis
310 3639 443 3705 placemus
464 3635 548 3707 (quod
565 3648 593 3688 ut
641 3652 674 3685 ne
693 3631 806 3703 obligato
826 3634 932 3704 quidem
952 3634 1059 3691 vulacre
1080 3635 1149 3689 baud

80 3716 182 3785 prebet,
200 3714 306 3781 asserit,
319 3733 489 3785 quascumque
506 3713 593 3766 laudes
640 3712 742 3783 segnius
750 3710 873 3765 destinata
881 3713 1149 3783 exsequebatuuisleo

80 3794 153 3845 uobis
169 3794 308 3864 quisquam
328 3791 464 3862 largiatur,
483 3810 529 3844 uos
551 3809 593 3844 eas
641 3793 1062 3864 quedinperseditinrpuo,dum
1072 3812 1150 3847 ruuc-

79 3892 231 3944 agnoseere,
252 3871 277 3923 icl
302 3882 350 3935 est,
372 3891 443 3924 seras
462 3870 590 3935 arbitrari,
642 3872 672 3923 tis
685 3869 818 3944 perspectis
835 3870 1009 3943 mandatisque
1024 3872 1051 3923 in
1069 3878 1149 3923 castra

79 3969 127 4002 uec
137 3948 261 4023 suspirari
280 3947 325 3999 bas
337 3968 389 4001 esse
403 3948 560 4001 adulationes
568 3952 592 4015 J:
641 3968 667 4001 se
678 3950 827 4021 reciperet.»
837 3949 1025 4003 Freinshemius
1036 3959 1101 4001 recte
1112 3946 1151 4000 ibi

79 4048 149 4079 nune
167 4027 277 4079 miratur
289 4026 327 4079 sic
341 4046 387 4079 nos
398 4026 482 4100 decipi
494 4026 527 4078 ab
539 4026 593 4079 bo·
642 4028 753 4099 judicat,
763 4030 887 4083 Senecam
900 4041 924 4081 et
932 4028 964 4095 Q
974 4024 1087 4077 Curtium
1096 4043 1149 4077 rem

79 4105 193 4159 miuibtm
215 4124 280 4175 quos
301 4104 331 4157 iu
346 4104 441 4158 ceteris
460 4104 592 4157 mendaces
643 4105 800 4177 expressisse,
815 4106 898 4159 serbis
913 4102 1039 4177 neglectis.
1056 4102 1151 4162 Noster

77 4182 175 4256 optime
184 4183 317 4239 noscimus
327 4200 334 4234 t
346 4182 391 4237 sed
404 4181 446 4234 illa
459 4181 592 4254 propensio
643 4202 702 4235 vcro
719 4181 878 4235 brevioribus
891 4180 973 4233 serbis
984 4180 1076 4235 laetum
1089 4200 1160 4249 con-¹

78 4282 129 4338 una
138 4263 290 4317 inducimur
302 4274 330 4316 ut
339 4262 390 4317 cito
399 4261 472 4315 uobis
481 4261 528 4336 ipsi
539 4262 593 4335 pla·
644 4262 723 4315 traxit.
734 4260 825 4313 Ruta.
