2975 4992
283 366 372 477 '302
595 402 637 471 1..
664 398 841 469 suunt
864 396 1086 469 suuncn

306 559 397 603 mum
415 533 541 603 honum
561 532 735 603 iturPPer
751 528 842 599 istud
854 528 1080 623 philosophie
1097 534 1198 599 sunt¹
1218 530 1328 623 nigre
1346 531 1388 599 et

304 668 421 747 turpes
445 647 683 741 infamesque,
711 647 813 715 etiam
828 646 874 715 ad
896 644 1012 715 album
1031 644 1251 730 sedentibus,
1272 670 1383 716 exce-

135 774 137 779 ’
249 808 279 842 ιο
304 770 451 863 ptiones.
466 765 563 858 Quid
577 765 667 833 enim
681 762 776 833 aliud
788 764 910 856 agitis,
927 788 1034 855 quum
1044 787 1143 849 cum,
1158 764 1384 855 queminter·

302 883 448 977 rogatis,
471 882 616 951 scientes
630 882 667 947 in
683 878 838 949 fraudem
856 876 1040 965 inducitis,
1062 904 1162 971 quam
1180 894 1219 947 ut
1237 878 1385 947 formula

301 998 491 1067 cecidisse²
511 994 692 1065 videatur?
715 994 784 1067 Sed
807 993 1088 1089 quemadmodum
1112 996 1188 1065 illos
1212 987 1381 1079 ³Pmt0r,

302 1116 424 1185 sichus
435 1114 655 1209 Philosophia
671 1114 708 1181 in
726 1113 899 1206 integrum
917 1114 1079 1201 restituit.
1099 1113 1194 1206 Quid
1205 1112 1385 1185 disceditis

302 1232 346 1299 ab
364 1230 563 1325 ingentibus
582 1229 776 1323 promissis,
793 1243 848 1310 et,
870 1227 1013 1321 grandia
1031 1227 1156 1313 locuti,
1173 1230 1385 1299 «effecturos

302 1370 381 1427 vos,
403 1361 528 1414 utnon
548 1346 656 1438 magis
668 1344 744 1413 auri
760 1343 888 1437 fulgor,
910 1366 1012 1435 quam
1026 1341 1151 1437 gladii,
1171 1346 1386 1439 perstringat

307 1463 422 1533 oculos
432 1486 542 1549 meos,
555 1476 594 1531 ut
608 1461 740 1555 ingenti
753 1460 960 1543 constantia,
973 1475 1008 1528 et
1018 1460 1111 1553 quod
1122 1485 1239 1530 omues
1249 1477 1385 1554 optant,

244 1606 247 1615 ·
303 1596 338 1649 et
352 1578 442 1673 quod
456 1602 573 1647 omnes
583 1578 705 1645 timent
716 1627 724 1657 ‚
737 1576 865 1645 calcem
876 1626 886 1659 ,
899 1600 915 1639 u
930 1574 975 1646 ad
990 1578 1297 1647 Grammaticorum
1310 1578 1387 1647 ele·

251 1734 276 1769 ιι
305 1688 436 1765 mental
456 1695 692 1765 descenditis?
710 1693 807 1786 Quid
825 1692 1032 1763 dictitat-sic
1050 1693 1121 1763 itur
1141 1694 1188 1763 ad
1203 1696 1321 1763 astra?
1337 1732 1381 1745 -

305 1817 377 1881 Hoc
391 1828 443 1881 est
457 1814 550 1880 euim
568 1810 661 1903 quod
673 1807 895 1903 Philosophia
910 1807 992 1875 mihi
1006 1810 1191 1901 promittit,
1208 1825 1247 1876 ut
1263 1832 1388 1902 parem

304 1932 376 1997 Deo
399 1928 521 2014 saciat,
548 1926 593 1997 ad
616 1928 683 1995 hoc
705 1926 867 1994 invitatus
894 1947 988 2007 sum,
1009 1922 1137 1993 adhoc
1153 1926 1231 1992 vcni
1249 1950 1257 1990 ε
1277 1922 1388 1991 fidem

305 2038 448 2137 praesta!

354 2157 530 2247 Quantum
548 2169 643 2247 potes
665 2176 767 2246 ergo,
782 2155 827 2222 mi
842 2154 973 2235 Lucili,
992 2150 1099 2221 reduc
1119 2167 1152 2220 te
1171 2153 1215 2219 ab
1235 2152 1311 2219 istis
1325 2176 1390 2221 ex-

291 2278 520 2373 ,ceptionibus
534 2292 568 2343 ct
585 2268 925 2369 praescriptionibus⁵
944 2274 1235 2369 philosophorum.
1253 2275 1393 2368 Aperta

310 2395 432 2465 decent
442 2408 475 2461 et
485 2390 652 2484 simplicia
664 2384 879 2459 bonitatem⁶.
889 2392 1028 2460 Etiamsi
1039 2390 1182 2459 multum
1192 2410 1393 2485 superesset

310 2605 389 2659 modo
410 2624 452 2657 eos
475 2602 622 2665 subornent,
642 2602 659 2653 i.
674 2622 695 2653 e.
717 2602 751 2655 ad
776 2622 823 2675 pu·
872 2600 1028 2655 adhibendas
1044 2601 1084 2675 jus
1102 2602 1177 2655 civile
1190 2616 1305 2655 veterum
1325 2604 1392 2656 tto-

311 2702 389 2757 gnam
401 2681 543 2755 accingant.
872 2698 1007 2731 manorum
1018 2698 1048 2731 ex
1058 2678 1107 2733 hoc
1117 2679 1208 2754 adagio
1220 2680 1332 2754 intelligi
1342 2704 1392 2754 po-

346 2780 355 2813 r
384 2760 438 2813 Per
447 2760 521 2813 istud
527 2756 824 2829 plu'losopbioesnnt,ete.
873 2769 920 2810 test
932 2756 999 2829 apud
1008 2756 1087 2809 JCtos
1100 2772 1217 2831 recepto:
1231 2759 1275 2830 qni
1286 2760 1359 2813 cadit
1372 2781 1389 2813 a

257 2840 263 2855 '
310 2842 361 2893 lnl.
373 2838 433 2890 inde
445 2836 529 2889 evenit
540 2849 566 2889 ut
577 2849 601 2887 et
613 2834 772 2909 philosophis
782 2835 831 2898 has
872 2834 982 2910 syllaba,
995 2834 1061 2889 cudit
1069 2856 1084 2887 s
1096 2848 1158 2888 toto.

309 2918 369 2971 best
394 2917 479 2989 nigras
500 2928 524 2967 et
546 2928 631 2989 turpes
653 2916 824 2983 exceptiones.
906 2911 930 2963 3.
939 2912 1048 2965 Proetor.
1056 2912 1179 2967 Praetores
1188 2913 1390 2967 nimiamstrieti

310 2996 484 3066 Exceptiones
495 3006 567 3056 sunt,
579 2992 670 3062 quibus
681 3010 737 3043 rens
747 3010 823 3063 agen·
871 2988 933 3060 juris
952 2988 1109 3042 severitatem
1130 3012 1180 3061 quo
1200 2992 1228 3043 in
1243 2993 1390 3063 pernitiem

310 3089 360 3129 tem
370 3073 485 3145 repellit:
499 3092 540 3125 ess
555 3070 765 3145 philosophorum
776 3089 823 3122 ca·
871 3067 998 3121 bonorum
1011 3068 1127 3124 homines
1136 3069 1211 3123 mslae
1221 3071 1281 3123 fidei
1292 3071 1392 3125 abute-

311 3155 405 3227 ptiosas
427 3150 581 3224 objectiones
604 3162 628 3201 et
650 3147 823 3201 cavillationes
871 3144 972 3211 bantur,
981 3146 1091 3199 naturali
1099 3147 1216 3219 equitate
1224 3148 1392 3225 mitigabant.

312 3234 410 3289 Seuera
420 3228 567 3282 infamiores
580 3246 631 3280 essa
641 3226 702 3279 dicit
711 3245 786 3297 quarn
796 3237 823 3277 nt
905 3224 929 3290 4.
947 3225 995 3277 Ad
1006 3222 1245 3279 Grammatiecmm
1255 3230 1391 3281 elementa

311 3311 480 3366 adhibeantur
505 3327 519 3360 a
540 3304 655 3379 Leguleis
677 3303 823 3357 sedentibus
873 3301 1039 3377 etymologias
1051 3303 1322 3377 seeundo,rerbsque
1330 3327 1391 3360 non

312 3390 345 3443 sd
356 3388 460 3451 album,
474 3386 492 3437 i.
503 3405 524 3438 e.
537 3384 602 3437 eirea
615 3380 725 3435 tibulam
737 3382 822 3435 albam
871 3401 911 3435 res
925 3380 1054 3445 curando,
1066 3394 1112 3434 etc.
1123 3380 1214 3435 Ruta.

310 3468 338 3523 in
357 3486 407 3539 qua
424 3464 502 3517 edicta
515 3463 630 3533 proetoris
642 3460 822 3536 proponeban-
904 3462 928 3514 5.
945 3462 1197 3531 Proscriptionibns.
1207 3462 1393 3533 Proescrs'pts'o·

312 3556 369 3607 tur3
391 3561 498 3614 quorum
520 3540 624 3611 quidem
643 3536 822 3610 Leguleiorum
870 3558 923 3593 nes.
933 3542 973 3593 lta
982 3553 1007 3593 et
1014 3540 1171 3614 exceptiones
1179 3540 1299 3594 dicuutur
1310 3580 1318 3606 ,
1330 3544 1392 3613 qui·

311 3623 340 3678 in
357 3618 542 3697 exceptionibus
557 3639 595 3671 ars
618 3616 725 3669 maxime
740 3636 822 3670 versa·
871 3620 916 3673 bns
925 3638 981 3672 reus
991 3630 1108 3690 agentem
1119 3618 1224 3691 repellit
1234 3618 1354 3688 lipsius.

311 3700 390 3753 batur.
904 3698 929 3752 6.
945 3698 1048 3767 Aperta
1060 3699 1149 3750 decent
1158 3708 1183 3750 et
1192 3699 1326 3766 simplicia
1338 3700 1392 3751 bo-

345 3798 368 3830 a.
386 3776 518 3829 Fonnnla
529 3774 666 3835 cecidisse,
686 3774 756 3843 quod
776 3772 820 3841 lit,
871 3778 988 3829 nitatem.
1005 3775 1098 3827 lterum
1115 3794 1156 3827 me
1167 3775 1238 3848 angit
1250 3774 1391 3829 silentium

311 3850 822 3926 quumactiosliter,aliotempore,spud
870 3853 1065 3907 aliorumnam
1073 3864 1165 3906 nostrae
1173 3852 1392 3915 membranave·

311 3930 406 3996 abunt,
425 3948 502 4001 quarn
518 3928 641 4001 oportuit,
667 3940 692 3979 et
712 3928 821 3997 praescri·
870 3933 1001 3983 ritatem:
1019 3928 1135 4001 sequenti
1158 3940 1266 3982 extrem
1284 3932 1392 4003 (Epist.

311 4019 381 4079 ptum
400 4017 466 4071 erat,
489 4004 636 4059 instituitur.
654 4004 720 4058 Vide
732 4004 766 4057 ad
779 4004 820 4072 ll,
870 4022 946 4071 mx,
967 4008 1021 4072 ss).
1041 4006 1135 4072 Nam,
1157 4018 1188 4059 ut
1204 4009 1251 4061 tlte
1263 4010 1306 4061 ait
1324 4020 1390 4062 tta-

312 4086 344 4137 de
361 4085 485 4139 Clement.
503 4084 532 4149 3,
554 4104 575 4136 r.
592 4083 681 4136 Rulrlr.
691 4110 724 4123 -
736 4084 822 4151 Quam
868 4090 941 4156 gr'errs
951 4124 958 4152 ,
970 4088 1090 4141 veritatis
1106 4088 1223 4156 simplex
1238 4091 1327 4140 oratio
1339 4098 1392 4143 est.

311 4164 425 4218 strictum
443 4166 519 4218 luerit
529 4163 594 4221 cir'ra
608 4166 686 4237 justas
701 4163 822 4216 formulas
873 4164 984 4218 Gronov.
