2975 4992
340 443 612 515 EPISTOLA
636 445 889 516 LXXXVII.
1086 449 1153 517 613

108 580 163 652 culi
180 577 297 662 decus,
318 576 558 670 imperatorem
579 575 841 668 triumphalem,
864 578 1075 660 censorium,
1095 594 1152 658 et,

107 695 182 791 quod
199 717 297 786 anper
318 693 431 762 omnia
449 691 524 760 haec
542 707 614 778 est,
635 693 820 778 Catonem,
840 717 909 762 uno
927 692 1058 763 caballo
1081 717 1155 762 esee

106 787 298 894 contentum,
326 823 361 878 et
382 831 426 878 ne
453 824 524 876 toto
549 803 707 900 quidem!
730 823 862 901 partem
881 810 971 879 enim
991 811 1151 898 sarcinae,
1177 855 1196 905 9

105 927 138 994 ab
151 939 284 1014 utroque
298 921 405 990 latere
418 921 673 1015 dependentes,
689 921 913 1015 occupabant.
929 924 982 992 lta
998 947 1068 992 non
1081 947 1155 992 om·

103 1040 187 1110 nibus
208 1037 316 1108 obesis
333 1039 487 1122 mannis,
516 1054 550 1108 et
575 1038 852 1122 asturconibus⁸,
883 1056 919 1107 et
944 1037 1153 1108 ²tollutariis

102 1156 257 1250 praserres
274 1155 414 1222 unicum
434 1152 531 1222 illum
550 1176 694 1246 equum,
715 1154 760 1223 ab
779 1156 855 1248 ipso
873 1156 1001 1224 Catone
1020 1154 1152 1225 defric-

101 1273 180 1342 tum?
226 1283 227 1286 ’

138 1385 235 1458 Video
253 1411 320 1456 non
339 1386 491 1456 futurum
509 1385 614 1456 finem
635 1386 675 1454 in
692 1387 757 1454 iata
775 1387 919 1456 materia
933 1386 1063 1471 ullum,
1083 1387 1150 1456 nisi

98 1525 182 1595 quem
191 1503 261 1595 ipse
275 1499 361 1570 milri
376 1500 501 1567 fecero.
520 1499 585 1567 Hic
599 1499 715 1592 itaque
728 1503 970 1584 conticescam,
984 1517 1150 1594 qnantum

96 1615 132 1686 ad
147 1613 251 1704 ista³3
274 1640 350 1712 quae
367 1616 442 1683 sine
465 1613 569 1682 dubio
595 1613 673 1684 talia
697 1613 862 1684 divinarit
881 1614 994 1686 lutura
1004 1665 1016 1702 ,
1035 1615 1148 1708 qualia

96 1758 173 1804 nuno
189 1750 286 1822 sunt,
313 1734 374 1825 qui
409 1732 541 1826 primus
566 1729 750 1824 appellavit
782 1733 1029 1824 impedimenta.
1048 1736 1148 1802 Nunc
1176 1754 1207 1791 ¹0

93 1851 156 1919 rulo
178 1850 395 1944 paucissimae
416 1845 529 1917 adhuc
552 1848 838 1941 interrogationes
860 1863 1054 1919 nostrorum
1082 1850 1146 1918 tibi

93 1967 231 2054 reddere,
249 1967 294 2036 ad
306 1968 474 2036 Virtutem
490 1966 723 2059 pertinentes,
742 1990 845 2059 quam
860 1968 1052 2037 satisfacere
1067 1969 1147 2038 vitae

91 2085 181 2152 beatae
200 2081 448 2154 contendimus.
481 2107 498 2146 a
514 2078 619 2174 Quod
641 2081 769 2150 bonum
796 2075 885 2168 est⁴‚
914 2084 1021 2152 mnus
1041 2084 1145 2171 facit3

91 2223 155 2266 nam
169 2215 201 2268 et
215 2201 252 2268 in
270 2215 344 2268 arte
363 2199 508 2284 musica,
530 2197 622 2290 quod
638 2199 768 2268 honum
781 2216 850 2286 est,
868 2201 948 2269 lacit
960 2202 1125 2268 musicum
1136 2227 1149 2272 ε.

90 2306 231 2382 l'ortuita⁵
250 2314 377 2384 bonum
396 2337 464 2382 non
487 2312 636 2402 iaciunt3
659 2337 743 2407 ergo
763 2337 833 2382 non
852 2330 932 2382 eunt
949 2313 1052 2387 bona.
1067 2340 1147 2380 ›r—

89 2562 162 2616 alieno
171 2564 275 2618 obrutus
289 2563 427 2629 deliberat,
439 2574 523 2615 atrum
532 2580 582 2613 an·
633 2573 670 2615 est
680 2563 724 2633 qui
734 2563 912 2616 adnumerum
926 2561 1026 2635 colligit
1037 2582 1144 2634 ungnes·

86 2651 213 2694 ttoretseet
223 2641 299 2695 iaciat
308 2637 488 2714 gladiatorem,
499 2637 583 2690 anbe-
636 2641 763 2694 Toliatim
782 2640 901 2693 incedere
919 2651 956 2692 est
971 2639 1142 2702 numerarim,

84 2719 191 2772 stiarium.
198 2723 256 2776 llos
265 2719 366 2793 pessimi
376 2721 435 2784 aevi,
444 2719 582 2772 utlruneste
631 2719 743 2771 molliter
755 2732 779 2771 et
788 2718 966 2772 inconeussim.
977 2717 1046 2771 Vide
1056 2731 1142 2771 uotam
1169 2759 1173 2763 ,

84 2801 127 2850 nati
140 2819 220 2855 arena
238 2821 327 2876 operas
342 2799 469 2864 locarent,
489 2799 581 2872 grandi
632 2795 867 2850 Salmasiiinlnlio
875 2795 1021 2868 Capitolino
1032 2797 1141 2870 ,eap.3,

84 2877 252 2950 medullaque
261 2879 307 2931 iste
318 2876 522 2950 desperabundus
532 2875 580 2928 hoc
631 2886 683 2928 not.
695 2875 726 2939 3,
739 2875 828 2945 inqua
838 2874 981 2927 doctissime
991 2895 1038 2927 nos
1050 2876 1143 2927 erudiit

82 2954 153 3026 agitat
163 2955 272 3008 Gladius
279 2955 449 3027 gladiatorum
462 2966 499 3006 est
509 2973 515 3004 r
527 2952 584 3005 rol·
630 2954 694 3024 quid
713 2967 795 3011 essent
814 2969 977 3018 asturcones,
1000 2955 1141 3019 tollutarii,

81 3043 111 3084 ter
120 3045 276 3087 renatorum.
288 3031 354 3086 Vide
366 3053 405 3086 me
417 3033 520 3085 Satura.
532 3033 556 3084 ll
571 3071 578 3098 ,
631 3032 746 3086 colatorii
753 3071 762 3098 ,
772 3034 919 3106 guttonarii.
926 3035 960 3098 (E
970 3033 1036 3086 uotis
1047 3034 1142 3104 Lege.)

83 3109 294 3184 rap.3.Lips1'n.r,
664 3109 689 3163 3.
707 3108 846 3182 Quantum
864 3114 905 3164 ad
919 3113 972 3166 ista
990 3131 1025 3168 ee.
1043 3114 1142 3168 instru-
1217 3117 1222 3130 “

110 3188 441 3258 1.Asrurcontous.luiequi
452 3189 484 3242 ab
493 3187 583 3262 Hispa·
631 3201 718 3242 menta
737 3187 828 3255 lusus,
843 3207 901 3258 quer
918 3189 967 3246 hoe
984 3209 1060 3246 sensu
1077 3203 1143 3243 recte

80 3267 267 3322 nitallomanis
277 3266 582 3333 arcessebantur,eorum-
631 3267 831 3336 impedimenta,
847 3288 909 3324 vore
923 3267 1045 3335 militari,
1056 3269 1142 3322 vocari

79 3367 121 3418 qne
140 3359 241 3400 veetma
259 3345 354 3398 blanda
379 3358 403 3397 et
426 3345 458 3397 ad
479 3345 581 3398 delitias
631 3357 742 3416 poesnm.
753 3345 845 3399 Ruth.

78 3443 147 3494 usqne
159 3423 245 3477 mollis
258 3441 265 3476 :
277 3422 386 3478 celebres
399 3435 469 3475 erant
480 3435 504 3474 et
514 3422 582 3474 cele·
663 3423 689 3490 4.
707 3423 790 3494 Quod
798 3425 894 3478 dorem
905 3435 961 3488 est,
977 3426 1141 3495 bomssacir.

77 3500 152 3568 ritate,
161 3502 231 3555 ande
243 3501 367 3554 Martialis
378 3519 385 3553 ε
398 3525 410 3548 ιι
420 3502 471 3554 llic
484 3501 579 3566 brevis,
631 3501 744 3566 Omnia,
755 3520 812 3573 qao
825 3502 946 3573 dignitati
954 3515 979 3555 rt
987 3516 1084 3558 natnrae
1093 3503 1142 3557 hu·

77 3577 103 3630 ad
114 3599 247 3632 numerum
261 3577 362 3654 rapidos
372 3578 416 3648 qui
428 3579 526 3652 colligit
535 3600 580 3631 un·
630 3601 713 3636 mana
725 3594 870 3654 congruunt
879 3621 886 3648 ‚
894 3583 973 3634 virtum
983 3619 991 3645 ‚
1004 3580 1109 3636 honata
1118 3594 1143 3634 et

76 3677 145 3730 goes,
169 3659 251 3712 Venit
271 3658 302 3711 ab
323 3659 438 3712 auriferis
463 3660 580 3732 gentibus
631 3661 698 3714 bona
716 3673 792 3723 aunt,
810 3660 921 3730 ideoque
939 3659 1021 3713 bonos
1036 3661 1141 3714 sariunt.

75 3749 135 3788 astur
150 3758 237 3809 quus.
245 3757 260 3784 s
276 3736 360 3792 Greci
370 3738 493 3792 vocabulo
504 3740 580 3806 βαδί-
631 3736 671 3790 cf.
682 3737 753 3792 Stel).
763 3737 818 3791 Eel.
831 3738 869 3800 ll,
882 3757 909 3792 r..
920 3759 933 3806 7
944 3775 952 3803 ,
965 3759 990 3810 p.
1001 3757 1068 3804 noo,
1082 3757 1139 3802 nor,

75 3822 118 3879 ζαν
138 3815 319 3891 significabant
340 3837 428 3870 eornm
453 3815 578 3872 incessum
631 3832 678 3868 tao
690 3815 729 3867 ed.
739 3815 849 3868 lleeren.
860 3813 949 3866 Ruth.

74 3893 171 3946 mollem
183 3906 207 3946 et
217 3893 353 3946 delicatum
365 3933 372 3961 ,
386 3893 457 3946 latini
470 3895 581 3947 uteban-
663 3897 685 3948 5.
700 3893 822 3948 P'ortuito
832 3912 890 3963 quae
896 3893 986 3946 nonin
998 3905 1083 3947 nostra
1093 3913 1141 3966 po-

74 3982 109 4021 tur
120 3971 196 4024 verbo
206 3971 347 4027 ambulare
359 3972 428 4044 quod
443 3973 508 4044 apud
517 3973 579 4027 Gal·
628 3983 715 4025 testate
732 3984 809 4037 sunt,
829 3992 850 4024 e.
863 3992 885 4024 e.
901 3989 968 4043 opes.
980 3971 1141 4044 Peripatetici

73 4048 107 4100 los
130 4051 223 4104 dirhnr
237 4053 307 4104 aller
318 4053 434 4105 l'amble.
453 4053 496 4117 (E
513 4053 580 4107 notis
630 4050 713 4102 stoicis
722 4049 864 4104 consentire
875 4069 926 4104 uon
935 4063 1140 4123 poteraoaquum

75 4105 256 4196 depunge-s
631 4129 768 4182 contrarias
789 4129 901 4182 debono
911 4129 1049 4191 sententias
1063 4129 1142 4181 lrabe-

103 4225 124 4256 a.
131 4205 294 4260 Tollnloriis.
306 4205 466 4261 Tollularim
479 4207 580 4282 proprie
632 4218 686 4260 rent
695 4243 701 4272 ,
710 4220 733 4258 et
742 4207 806 4260 adeo
813 4207 914 4260 fortuita
923 4208 950 4260 in
958 4205 1141 4261 bonorumnu-
