2975 4992
367 389 636 460 EPISTOLA
660 389 853 460 LXXXI.
1078 392 1147 478 545

95 528 156 596 hoe
170 525 240 617 ipsa
256 541 312 592 res
328 522 430 594 faeiat
445 551 454 592 z
469 547 548 596 nam
565 523 663 618 cujus
680 523 730 590 rei
751 539 895 592 eventus
909 523 1060 593 ineertus
1078 537 1147 606 eat,

94 639 139 722 id,
158 637 391 730 utaliquando
410 637 592 732 prooedat,
613 663 702 733 saepe
721 637 919 709 tentandum
937 656 1001 708 eet.

133 755 195 826 Sed
212 753 255 825 de
283 756 349 824 isto
371 758 452 824 satis
477 757 581 825 multa
607 758 643 824 in
667 756 723 824 bia
746 756 837 824 libris
854 756 990 849 loquuti
1009 778 1149 840 sumus,
1177 782 1194 834 3

95 874 144 966 qui
165 873 206 939 de
223 871 399 966 Beneficiis
416 873 671 957 inscribuntur3
697 870 784 941 illud
803 874 911 967 magis
929 871 1153 966 quaerendum

94 991 228 1070 ridetur,
245 987 338 1082 quod
351 1013 420 1059 uon
432 991 514 1058 satia
531 985 585 1084 (ut
602 989 770 1079 existimo)
785 990 989 1084 explieatum
1005 995 1090 1076 est¹3
1109 1013 1154 1058 an

96 1109 136 1188 is,
156 1107 214 1198 qui
231 1105 361 1198 profuit
379 1105 497 1188 nobis,
516 1107 544 1174 si
564 1122 680 1199 postea
695 1105 831 1192 nocuit,
849 1107 947 1198 pario
965 1106 1103 1189 feeerit,
1121 1121 1157 1174 et
1229 1131 1234 1139 ·

94 1245 146 1290 uos
163 1220 277 1292 debito
296 1221 459 1292 solverit?
476 1221 620 1315 Adjioe,
638 1221 667 1290 si
684 1223 756 1305 vis,
776 1237 811 1290 et
827 1221 914 1318 iliud
931 1248 939 1290 ε
954 1221 1064 1290 Multo
1079 1222 1158 1315 plus

94 1352 197 1429 postea
214 1338 352 1422 nocuit,
372 1361 473 1430 quam
492 1354 573 1404 ante
590 1334 779 1430 profuerat.
797 1336 835 1404 Si
852 1351 981 1405 rectam
996 1335 1091 1404 iliam
1108 1338 1158 1405 ri·

94 1453 157 1548 gidi
168 1453 298 1548 judicis
316 1456 516 1525 sententiam
534 1454 680 1547 quaeris,
700 1452 844 1522 alterum
860 1453 905 1522 ab
919 1453 1028 1522 altero
1044 1453 1159 1522 absol-

95 1587 163 1652 vet,
181 1587 215 1640 et
233 1569 326 1641 dicet
351 1571 548 1663 :Quamvis
572 1557 707 1664 injurie
734 1567 1019 1663 praepoudorent,
1045 1585 1160 1640 tamen

94 1689 262 1758 beneficiis
273 1688 431 1775 donetur,
446 1687 537 1782 quod
551 1712 592 1756 ex
604 1688 730 1782 injuria
744 1704 911 1781 superest.
926 1687 1007 1756 Plus
1020 1688 1161 1758 nocuit?

93 1803 146 1874 sed
157 1806 255 1899 prius
267 1801 414 1900 profuit!
436 1805 551 1896 itaque
568 1803 735 1872 habeatur
749 1819 785 1872 et
796 1805 958 1897 temporis
969 1805 1071 1872 ratio.
1085 1805 1160 1874 Jam
1184 1842 1202 1908 4

94 1921 146 1988 illa
161 1920 394 1989 manifestiora
412 1935 510 2002 sunt,
532 1943 634 2012 qnam
653 1935 692 1989 ut
708 1917 885 1988 admoneri
902 1918 1047 2006 debeas,
1066 1945 1161 2014 quse·

93 2036 229 2106 rendum
241 2059 336 2122 esse,
354 2059 455 2128 quam
470 2035 617 2104 libenter
630 2033 815 2129 profuerit,
835 2059 938 2129 quam
955 2037 1082 2106 inritus
1096 2060 1161 2106 no-
1211 2117 1215 2124 .

94 2151 217 2236 cuerit3
236 2150 398 2244 quonism
414 2150 527 2220 auimo
544 2165 579 2218 et
597 2149 768 2219 beneficia
784 2167 820 2218 et
837 2152 974 2245 injuriat
990 2167 1157 2222 constant.

92 2265 185 2333 Nolui
203 2265 413 2335 beneficium
428 2263 512 2336 dare
529 2291 537 2332 :
553 2266 664 2336 victua
687 2289 760 2334 sum
786 2282 845 2334 aut
860 2267 1087 2354 verecundia,
1102 2283 1163 2336 aut

93 2382 245 2452 instantis
262 2383 473 2476 pertinacia,
501 2397 560 2452 aut
576 2405 650 2476 spe.
677 2385 726 2450 Eo
747 2383 861 2451 animo
881 2381 1034 2475 quidque
1054 2381 1162 2452 debe·

93 2512 154 2581 tur,
168 2521 239 2592 quo
253 2495 373 2584 datur3
391 2519 475 2579 nee,
491 2512 655 2590 quantum
671 2497 735 2583 sit,
755 2495 816 2566 sed
831 2520 851 2565 a
868 2498 960 2591 quali
972 2497 1163 2592 profectum

92 2613 275 2697 voluntate,
288 2611 526 2707 perpenditur.
542 2616 641 2683 Nunc
651 2614 846 2707 conjectura
861 2613 1007 2684 tollatur.
1023 2615 1067 2683 Et
1075 2612 1163 2682 illud
1187 2653 1202 2705 5

92 2727 294 2798 beneficium
313 2729 398 2816 fuit,
419 2744 454 2797 et
472 2729 537 2798 hoo
547 2779 559 2816 ,
586 2729 679 2822 quod
698 2725 837 2798 modum
855 2730 1015 2799 beneficii
1035 2730 1163 2823 prioris

92 2849 249 2934 excessit,
270 2847 397 2940 injuria
410 2862 473 2916 est.
489 2847 552 2915 Vir
568 2846 678 2915 bouus
696 2863 858 2939 utrosque
874 2846 1022 2916 calculos
1037 2847 1163 2941 siopo-

91 2963 154 3046 nit‚
169 2977 212 3032 ut
224 2985 262 3032 se
277 2964 351 3058 ipse
369 2962 667 3050 circumscribat²3
687 2963 855 3032 beneficio
873 2961 1009 3056 adjicit,
1028 2962 1164 3056 injuriae

92 3077 194 3148 demit
218 3107 227 3147 ι
253 3077 339 3148 alter
361 3079 419 3148 ille
438 3067 611 3148 remissior
623 3078 749 3172 judex,
769 3103 871 3171 quem
889 3101 963 3149 esse
981 3103 1036 3148 me
1052 3079 1161 3166 malo,

91 3198 225 3292 injuriae
235 3195 390 3266 oblivisci
405 3194 562 3281 debebit,
581 3196 685 3264 officii
698 3197 904 3265 meminisse.
915 3199 1043 3266 -Hoe
1054 3211 1162 3286 certe,

91 3313 226 3406 iuquit,
244 3312 581 3406 justitiaeeouvenit,
608 3335 704 3384 suum
730 3297 856 3407 cuique
873 3313 1039 3397 reddere,
1056 3313 1167 3383 bene-

92 3431 168 3499 ficio
183 3431 343 3525 gratiam,
359 3428 494 3522 iujuriae
506 3426 685 3511 talionem,
702 3444 762 3498 aut
773 3444 865 3500 certe
875 3430 996 3498 malam
1008 3431 1163 3524 gratiam.

91 3586 138 3600 —
149 3549 282 3616 Verum
300 3547 368 3616 erit
384 3546 493 3629 istud,
514 3571 618 3639 quum
638 3546 725 3616 alius
743 3546 904 3640 injuriam
924 3547 1061 3629 feeerit,
1079 3548 1167 3617 alius
1191 3573 1209 3626 e

91 3660 298 3730 beneficium
318 3657 474 3728 dederit:
489 3681 588 3746 nam,
611 3660 639 3729 si
658 3659 747 3728 idem
766 3675 836 3743 est,
857 3658 1026 3728 beneficio
1045 3661 1095 3752 vis
1110 3661 1165 3728 in·

88 3778 191 3871 juriae
209 3779 432 3872 extinguitur.
461 3779 546 3847 Nam
570 3779 648 3864 cui,
677 3778 808 3847 etiamsi
829 3779 949 3846 merita
975 3800 1045 3847 uon
1069 3792 1168 3847 ante

92 4017 218 4089 quoniam
229 4017 294 4071 bene
308 4015 401 4070 babere
412 4015 509 4070 censuit
520 4015 607 4069 Ruht.
691 4037 712 4068 r.
721 4017 782 4070 Nou
790 4019 885 4070 sotis...
894 4020 1059 4086 cepheorum
1067 4019 1167 4072 est-At·
1231 3999 1237 4023 ⁸

91 4097 189 4151 veliem
198 4095 272 4152 nobis
284 4097 461 4172 interpretatus
471 4095 557 4152 saltem
568 4117 607 4150 es·
655 4093 859 4167 tigittamenlib
867 4093 955 4148 Ill-de
963 4093 1052 4156 Banef.
1060 4114 1114 4167 esp
1128 4095 1167 4148 1³.

93 4188 138 4228 set.
151 4175 236 4232 Schw.
676 4191 711 4224 a.
728 4171 763 4226 Se
774 4176 831 4242 ipse
842 4175 1042 4230 ctnumscrr'oae
1053 4173 1169 4247 Decipiat

218 4274 281 4342 111.
927 4269 971 4336 35
