2975 4992
325 468 394 550 450
616 464 658 531 1..
682 464 866 533 suurn
889 463 1110 533 sunnon

325 600 449 689 pore'‚
469 609 672 662 necesseest
687 594 825 660 evenire
849 608 887 660 ut
903 592 946 661 de
971 594 1175 686 quibusdam
1201 597 1307 666 rebus
1321 614 1401 667 nme

323 708 369 778 ad
387 726 422 778 te
440 709 635 803 perferatur
650 710 819 777 sententia
838 732 932 794 mea,
949 734 1056 801 quum
1068 713 1140 805 jam
1154 716 1328 781 contraria
1340 738 1403 807 po-

327 828 396 895 tior
416 842 480 894 est.
502 824 650 896 Consilia
667 828 759 893 euim
780 824 885 895 rebus
897 842 1082 920 aptantur:
1102 852 1158 897 res
1175 834 1326 897 nostrae²
1347 829 1402 896 fe-

324 960 474 1028 ruutur,
504 944 573 1011 imo
591 942 787 1011 volvuntur.
816 946 908 1036 Ergo
930 943 1109 1011 consilium
1135 944 1199 1013 sub
1231 943 1288 1013 die
1308 948 1399 1013 nasci

326 1060 454 1129 debet:
473 1075 510 1128 et
530 1058 599 1128 hoc
621 1082 763 1152 quoque
790 1057 925 1127 tardum
950 1076 1003 1128 est
1022 1061 1146 1146 nimis3
1165 1061 1230 1129 sub
1249 1052 1397 1143 ³mauu‚

325 1174 418 1267 quod
428 1177 546 1261 aiunt,
561 1170 740 1244 nascatur!
756 1174 1052 1267 Quemadmodum
1061 1194 1173 1246 autem
1189 1179 1397 1259 inveniatur,

324 1290 514 1360 ostendam.
540 1292 705 1385 Quoties,
732 1291 818 1382 quid
841 1270 1041 1385 fugiendum
1064 1297 1129 1379 sit,
1153 1310 1212 1363 aut
1233 1295 1320 1388 quid
1337 1319 1400 1387 pe·

324 1408 464 1477 tendum
492 1408 586 1477 voles
603 1407 714 1487 scire,
738 1406 783 1474 ad
801 1431 967 1477 summum
987 1412 1116 1479 Bonum
1136 1428 1171 1479 et
1190 1412 1401 1505 propositum

323 1527 428 1594 totius
440 1526 519 1595 vitae
532 1540 599 1593 tue
611 1526 765 1617 respice:
788 1524 838 1591 illi
854 1526 947 1593 euim
967 1529 1159 1595 consentire
1177 1528 1281 1597 debet
1295 1527 1402 1620 quid-

323 1641 407 1734 quid
421 1643 567 1735 agimus.
578 1642 656 1708 Non
669 1638 828 1733 disponet
842 1640 992 1735 singula,
1008 1644 1074 1711 uisi
1087 1645 1143 1711 cui
1152 1644 1223 1738 jam
1239 1645 1317 1711 ritae
1330 1669 1400 1711 suae

323 1782 454 1827 summa
481 1757 657 1850 proposita
680 1771 743 1825 ost.
770 1759 898 1839 Nemo,
931 1761 1085 1849 quamvis
1111 1776 1247 1853 paratos
1275 1759 1401 1829 lubeat

322 1877 474 1954 colores,
503 1872 763 1942 similitudinem
790 1872 937 1955 reddet,
963 1876 1030 1943 uisi
1053 1877 1125 1967 jam
1154 1892 1285 1945 constet
1316 1877 1402 1967 quid

327 1990 411 2060 velit
427 1992 585 2083 pingere.
603 1987 686 2057 Ideo
704 2012 902 2081 peccamus,
919 1988 1057 2080 quiade
1074 1990 1229 2083 partibus
1240 1990 1319 2057 ritae
1331 2014 1403 2057 om·

322 2132 384 2177 nes
402 2106 654 2188 deliberamus,
676 2104 721 2172 de
746 2122 815 2172 totu
840 2129 939 2173 nemo
957 2106 1139 2175 deliberat.
1161 2108 1257 2175 Scire
1275 2099 1401 2173 ‘debet

324 2226 408 2320 quid
429 2240 523 2317 petat
540 2222 618 2305 ille,
640 2223 700 2313 qui
721 2224 879 2315 sagittam
897 2222 971 2291 vult
990 2226 1146 2309 mittere3
1166 2238 1200 2291 et
1217 2242 1299 2291 tunc
1315 2222 1402 2289 diri-

325 2367 408 2438 gere
425 2366 465 2411 ac
489 2339 661 2409 moderari
682 2362 785 2407 manu
806 2340 923 2409 telum.
949 2344 1074 2409 Errant
1096 2341 1239 2429 coucilia
1257 2356 1399 2423 nostra,

323 2461 404 2553 quia
418 2482 486 2527 nou
501 2457 631 2525 habeut
643 2478 711 2549 quo
724 2453 934 2549 dirigantur.
953 2458 1129 2549 ignoranti
1143 2481 1244 2550 quem
1263 2473 1402 2551 portum

321 2592 416 2671 petat
429 2574 543 2643 nullus
557 2565 658 2642 suus⁵
673 2589 796 2641 ventus
811 2590 874 2640 cst.
890 2574 1036 2641 Necesse
1053 2591 1103 2642 est
1120 2574 1263 2642 multum
1276 2574 1312 2641 in
1329 2574 1404 2639 vita

323 2708 438 2761 nostra
455 2714 552 2763 casus
568 2690 695 2783 possit,
714 2690 797 2779 quia
816 2690 962 2756 vivimus
987 2714 1080 2757 casu.
1099 2688 1315 2783 Quibusdam
1337 2712 1405 2755 au-

323 2827 390 2879 tom
415 2812 552 2894 evenit,
581 2824 640 2893 ut,
665 2806 819 2899 quaedam
846 2807 933 2875 scire
951 2830 1007 2892 se,
1028 2810 1192 2876 nesciant.
1220 2806 1403 2900 Quemad-

323 2926 459 2997 modum
478 2926 663 3020 quaerimus
675 2948 766 3017 saepe
782 2946 858 3006 cos,
875 2946 952 2990 cum
965 2922 1090 3014 quibus
1104 2938 1229 2991 stamus
1241 2952 1251 3009 3
1265 2924 1312 2991 ita
1325 2922 1406 3017 ple-

323 3068 467 3139 rumque
483 3044 589 3111 finem
605 3043 727 3111 summi
754 3042 838 3107 Boni
863 3040 1058 3134 ignoramus
1081 3032 1305 3134 appositum⁶.
1328 3018 1406 3108 Nec

324 3161 439 3231 multis
452 3158 588 3242 verbis,
606 3181 671 3227 nec
684 3157 830 3226 circuitu
844 3156 967 3250 longo,
982 3156 1075 3250 quod
1093 3160 1137 3226 sit
1154 3182 1322 3228 summum
1336 3162 1408 3229 Bo-

324 3302 429 3357 num,
451 3274 636 3368 colligas73
662 3273 794 3367 digito,
816 3292 853 3343 ut
875 3275 923 3342 ita
945 3274 1077 3357 dicam,
1099 3273 1405 3345 demonstrandum

360 3491 381 3523 ι.
394 3468 471 3524 Sitia
483 3468 646 3539 ternponstr.
660 3486 683 3521 e.
694 3465 726 3519 ab
739 3486 839 3540 oppor·
888 3486 963 3519 seusu
980 3467 1104 3520 familiare
1123 3480 1181 3521 est:
1197 3471 1247 3520 tas
1264 3478 1344 3538 χεῖρα.
1364 3470 1406 3522 Cf.

325 3566 387 3601 tuno
395 3560 506 3620 tempore
518 3548 638 3619 pendant.
649 3546 741 3600 ltuhk.
889 3544 1077 3619 Wyttenlsath.
1089 3546 1130 3598 ad.
1143 3545 1271 3599 Plutarch.
1284 3548 1314 3601 S·
1326 3548 1361 3599 V.
1370 3547 1406 3598 N.

359 3623 731 3691 n.1lesnostroe,humaute,
751 3626 780 3676 eii
797 3634 839 3686 τῆς
889 3644 912 3694 p.
929 3626 965 3675 15.
980 3624 1070 3675 Rulli.

324 3702 413 3771 ύχης,
426 3720 483 3770 quae
494 3719 547 3752 non
563 3713 624 3753 sunt
640 3700 669 3752 in
685 3712 772 3752 nostra
788 3718 839 3774 po·
918 3700 945 3764 f.
966 3700 1036 3753 Scire
1053 3701 1175 3754 debet...
1193 3705 1284 3755 telum.
1303 3702 1408 3755 Laudat

324 3790 409 3831 testate
418 3792 442 3831 et
454 3776 568 3831 fluminis
577 3778 628 3831 ritu
637 3781 763 3843 feruutur,
773 3780 836 3849 quin
888 3777 986 3851 Lipsius
997 3778 1125 3832 Aristotel.
1135 3780 1146 3831 l
1155 3779 1238 3832 Ethic.
1251 3780 1406 3835 Nicomacls.

324 3856 450 3931 rapidiore
459 3876 535 3909 cursu
541 3855 649 3919 abeunt,
663 3855 772 3926 ideoque
780 3854 837 3907 alite
886 3876 909 3909 c.
924 3874 951 3919 a,
965 3854 1010 3908 ubi
1021 3855 1115 3908 similia
1126 3870 1192 3909 sunt·
1205 3856 1298 3911 Rublc.

325 3958 353 3990 ex
363 3935 420 3989 aliis
433 3936 505 3989 fiunt.
517 3935 610 3987 Ruta.
920 3935 942 3987 5.
954 3933 1042 3986 Suus:
1054 3934 1151 4001 bouus,
1162 3937 1299 3989 secundus.

356 4015 380 4067 3.
394 4012 450 4084 Sub
461 4034 553 4078 manu,
566 4013 583 4065 i.
596 4033 619 4065 e.
630 4013 723 4065 atatim.
740 4010 839 4084 Lipsius
921 4010 945 4063 6.
963 4010 1130 4081 Appositum
1149 4015 1270 4082 Quocum
1288 4028 1405 4081 sumus,

326 4094 425 4146 confert
440 4092 547 4144 Sueton.
559 4093 626 4163 Aug.
638 4092 679 4161 dp
694 4089 754 4158 Quo
768 4088 838 4141 cele·
887 4091 1009 4143 vicinum.
1022 4092 1112 4145 Ruth.

324 4170 377 4223 rius
389 4189 418 4221 ac
431 4168 479 4222 sub
491 4189 569 4220 manu
586 4166 736 4221 annuntiari
749 4180 837 4241 posset.
921 4167 1030 4241 7.Quod
1039 4174 1215 4223 sitsummum
1221 4168 1332 4225 Bomsrn
1340 4180 1407 4239 ‚cub

325 4248 385 4299 Vid.
393 4246 428 4298 ibi
440 4245 546 4298 Casauli.
553 4244 650 4297 Graecis
659 4246 733 4298 etiarn
745 4246 836 4299 eodem
871 4250 961 4317 figas.
978 4247 1070 4318 Quod,
1082 4250 1128 4321 pro
1139 4250 1245 4322 vulgato
1257 4254 1338 4320 qnid,
1350 4250 1405 4305 de-
