2975 4992
413 464 683 538 EPISTOLA
708 466 825 535 Xlll.
1093 468 1153 533 tal

100 596 223 662 sortasoe
247 616 313 687 pro
340 618 394 663 mc
415 597 549 680 veniet,
571 611 605 663 et
632 620 722 665 mors
740 598 801 665 ista
821 596 924 663 vitam
948 594 1153 663 honestabit.

99 712 203 777 Cicuta
237 734 403 804 magnum
430 714 600 781 Socratem
630 713 800 781 coniecit¹
826 712 979 780 :Catoni
1008 710 1157 804 gladium

98 841 291 893 assertorem
307 827 477 897 libertatis
495 845 674 921 extorque,
691 850 847 922 magnam
863 842 994 921 partem
1005 826 1159 895 detraxe·

98 941 137 1006 ris
161 941 297 1029 gloriae.
330 944 481 1011 Nimium
507 942 567 1011 diu
593 960 626 1011 tc
655 944 838 1027 cobortor,
874 968 977 1036 quum
1007 943 1069 1009 tibi
1095 939 1159 1007 ad-

98 1056 277 1124 monitione
299 1060 427 1151 magis,
458 1082 557 1151 quam
584 1060 819 1127 exhortatione
841 1082 925 1152 opus
949 1059 1005 1126 sit.
1026 1060 1104 1125 Non
1123 1056 1160 1120 iu

97 1168 262 1237 diversum
288 1188 325 1237 te
351 1196 372 1238 a
395 1188 516 1239 nature
538 1188 596 1239 tua
622 1172 811 1240 ducimus:
838 1190 938 1241 natus
966 1196 1004 1239 es
1027 1168 1072 1237 ad
1097 1170 1162 1235 ista

98 1308 164 1373 qum
185 1284 349 1352 dicimus.
375 1289 424 1353 Eo
445 1288 552 1379 magis
570 1287 699 1354 bonum
724 1302 818 1355 tuum
840 1310 950 1381 auge,
972 1300 1007 1354 et
1022 1307 1159 1353 exorno.

96 1400 156 1467 Sed
169 1402 243 1491 jam
260 1402 365 1473 finem
383 1402 532 1494 epistole
550 1402 688 1485 faciam,
707 1405 736 1477 si
756 1404 806 1471 illi
826 1405 963 1495 signum
979 1426 1076 1469 suum
1096 1400 1162 1467 im·
1191 1412 1221 1463 ις

96 1536 273 1607 pressero,
294 1516 425 1598 idest,
444 1518 590 1608 aliquam
615 1520 830 1611 magnificum
846 1540 961 1587 vocem
981 1516 1164 1609 perferen-

97 1630 170 1697 dam
181 1630 227 1701 ad
243 1648 277 1699 te
297 1632 516 1701 mandavero.
537 1661 553 1696 a
568 1635 662 1703 Inter
675 1652 797 1703 coetera
815 1632 924 1702 malat'
944 1632 1011 1701 hoc
1027 1653 1164 1723 quoque

95 1748 198 1815 babet
215 1749 384 1829 stultitia,
406 1772 540 1841 semper
559 1751 679 1842 incipit
699 1752 857 1819 viveres
876 1748 1063 1817 Considera
1080 1747 1166 1839 quid

99 1888 157 1931 ror
175 1866 240 1932 ista
255 1866 445 1959 significet,
465 1865 572 1933 Lucili
589 1868 738 1935 virorum
759 1869 905 1961 optime,
922 1882 957 1933 et
972 1864 1162 1957 intelliges,

100 2002 197 2069 quam
216 1976 310 2047 freda
325 1980 370 2047 sit
381 1978 556 2047 hominum
571 1980 709 2063 levitas,
726 1980 879 2071 quotidie
894 2002 980 2048 nova
996 1980 1074 2046 vitae
1089 1977 1167 2045 fun·

100 2092 256 2162 damenta
274 2097 497 2188 ponentium,
514 2120 616 2165 noras
627 2120 705 2188 spes
721 2098 823 2165 etiam
841 2098 876 2163 in
895 2098 988 2164 exitu
1005 2094 1169 2162 inchoan·

101 2202 216 2275 tium³.
227 2210 462 2305 Circumspice
475 2228 585 2279 tecum
597 2210 749 2305 singulos
766 2238 773 2277 :
789 2226 970 2279 occurrent
982 2209 1043 2279 tibi
1054 2233 1164 2294 senes,
1197 2222 1227 2275 so

102 2327 159 2415 qui
178 2350 217 2393 se
236 2351 345 2417 quum
370 2330 513 2399 maxime
530 2326 574 2401 nd
598 2328 840 2408 ambitionem,
861 2327 903 2399 od
921 2328 1170 2421 peregrinatio-

102 2464 180 2525 nes,
201 2440 249 2507 ad
274 2440 516 2535 negotiandum
537 2459 668 2535 purent.
691 2445 788 2536 Quid
806 2458 856 2512 est
879 2445 1037 2538 turpius,
1066 2465 1167 2534 quam

103 2582 199 2625 senex
227 2560 346 2627 vivere
368 2558 565 2652 incipiens?
585 2562 661 2629 Non
685 2558 868 2653 adjicerem
889 2578 1062 2631 auctorem
1089 2560 1170 2627 buic

102 2673 194 2754 voci,
217 2674 287 2741 nisi
315 2690 403 2743 esset
426 2675 610 2757 secretior,
641 2700 705 2743 nec
731 2677 822 2743 iuter
847 2676 983 2767 vulgata
1002 2670 1169 2768 ‘Epicuri

102 2786 215 2871 dicta,
237 2814 316 2881 qnae
336 2789 420 2857 mihi
440 2802 474 2855 et
490 2788 649 2873 laudare,
669 2805 704 2857 et
718 2792 879 2899 adoptare
900 2794 1051 2885 permisi.
1070 2790 1166 2860 Vale.

102 3035 124 3084 b.
140 3054 193 3086 uon
213 3034 368 3107 apparebat,
393 3034 438 3087 ubi
459 3037 615 3090 decurtatum
664 3039 1172 3111 mersrspudiata,reducerenouausim.

102 3112 205 3165 verbum
220 3114 248 3164 in
263 3111 318 3165 bue
330 3113 412 3167 lineas.
422 3114 502 3167 Sedis.
698 3131 721 3167 c.
739 3118 913 3170 Intereoetero
920 3120 1123 3171 Μαι-..νίκα
1132 3118 1172 3173 Cl.

134 3210 154 3241 ι.
173 3192 615 3255 Consecitomuesl'erelibrietedd.
664 3194 742 3267 Epist.
761 3210 843 3261 xxm,
867 3216 896 3260 73
922 3196 960 3248 Cl.
978 3198 1011 3260 ἧς
1031 3197 1118 3249 Horat.
1142 3197 1170 3263 l,

100 3270 238 3339 μάταιαι
253 3268 449 3341 vulgatoefeeit,
461 3290 535 3341 quam
554 3270 616 3325 blu-
664 3272 748 3323 Carsu.
760 3274 791 3337 4,
807 3276 845 3325 sS.
856 3272 986 3325 nost·-
998 3274 1089 3327 Hobet
1100 3278 1173 3327 stol-

100 3360 163 3397 retus
179 3344 258 3397 nixus
277 3344 397 3399 Pinciaui
418 3346 511 3419 judicio
529 3347 615 3401 intro-
664 3354 732 3403 titula
745 3350 1172 3423 Vocab.proprium‚vulgoadje-

99 3424 176 3475 duait.
209 3424 276 3475 blus
304 3424 419 3475 Gronov.
449 3444 463 3476 e
487 3425 615 3477 nonnullis
665 3441 749 3493 stum,
768 3429 887 3499 ignorant
903 3429 960 3481 edd.
971 3442 1028 3480 ants
1043 3430 1170 3502 lipsium,

98 3505 175 3558 codd.
190 3506 239 3575 qui
259 3504 357 3556 babent
370 3521 377 3555 t
389 3506 519 3557 libertarit
535 3509 618 3558 vietor
665 3526 721 3558 eum
734 3505 880 3559 melioribus
890 3506 1030 3577 quilmsque
1041 3508 1131 3559 mestis.
1141 3508 1171 3561 S.

97 3582 553 3649 &troierinmqnmemeudatt
565 3582 614 3635 Co
695 3584 720 3635 3.
736 3584 829 3636 Nom
841 3587 994 3652 speretium
1008 3587 1123 3637 ineaeitu
1134 3588 1172 3637 irs·

98 3667 152 3715 uri
163 3664 295 3731 §odium
311 3662 472 3713 adum
486 3660 615 3715 libertatis
662 3662 817 3715 edancium.
840 3662 885 3713 Sic
908 3661 1013 3713 verbum
1037 3662 1101 3714 illud
1125 3666 1172 3715 ist-
1205 3691 1210 3699 ·

100 3742 347 3801 adorabas-teris,
365 3758 495 3805 nagnam
512 3748 616 3807 partem
661 3742 755 3795 ebone
769 3742 837 3814 apud
850 3741 1067 3795 nantoatis.
1088 3742 1117 3809 l,
1136 3742 1171 3805 i:

99 3822 249 3872 &ment
255 3816 540 3887 gloriatintcllectaad
548 3820 616 3892 prius
665 3841 679 3867 ι
692 3820 751 3873 vitas
763 3838 862 3872 mmm·
874 3819 957 3872 brevis
967 3840 1036 3891 spem
1045 3840 1092 3873 nos
1104 3832 1172 3873 vetat

100 3898 244 3950 membru
262 3895 387 3969 particule
399 3894 565 3949 conditionali
578 3900 617 3951 st:
665 3899 784 3953 inchoare
795 3899 931 3972 longam.»

70 3976 73 3981 ’
100 3976 325 4047 sapiussSeaeea
338 3973 530 4045 absuppressat
543 3973 617 4025 clad
699 3978 722 4043 4.
741 3978 816 4029 Inter
830 3981 940 4047 uulgata
954 3979 1064 4046 Epicuri
1082 3980 1170 4045 dota,

101 4056 137 4105 lll
149 4055 285 4109 delicatas.
303 4054 346 4105 dr.
361 4055 458 4106 Victor
474 4072 507 4105 sc.
524 4052 617 4106 Cesar.
667 4056 684 4108 i.
696 4076 718 4107 e.
728 4054 796 4107 inter
805 4056 940 4108 sententias
951 4057 1004 4124 eius
1016 4069 1097 4120 ratas,
1111 4074 1173 4127 quas

102 4132 175 4184 Haud
191 4133 270 4184 dubie
281 4150 407 4203 perquam
420 4129 521 4201 egregia
533 4148 618 4183 crusn-
667 4144 796 4205 taptopere
807 4133 893 4188 laudat
903 4133 1041 4195 Lucienus,
1053 4134 1128 4185 Tora.
1140 4134 1173 4185 V.

104 4212 183 4279 latio,
198 4213 299 4267 etiamsi
308 4212 336 4264 iu
346 4224 462 4277 mmm,
472 4210 571 4284 wlpata
583 4224 617 4264 te-
666 4232 691 4287 p.
706 4212 765 4276 1063
777 4226 803 4265 st
813 4212 942 4283 Dioge-ss
953 4213 1071 4266 Laertius.
1084 4213 1174 4286 Rudis.
