2975 4992
341 474 405 569 372
503 547 508 561 ,
637 470 677 537 u.
703 468 882 538 inunt
905 468 1118 539 sanson

298 620 314 670 a
341 630 441 698 quarn
462 606 575 689 infra,
596 618 780 693 utrumque
807 602 956 695 trepidat
974 602 1087 671 latus:
1110 620 1300 697 sequuntur
1320 610 1403 699 peria

341 721 436 803 cula,
460 736 494 788 et
520 735 728 806 occurrunt3
748 718 792 785 ad
811 719 924 785 omnia
949 735 1069 812 pavet3
1096 722 1260 815 imparata
1278 740 1352 802 est,
1377 744 1407 790 et

343 840 426 931 ipsis
443 854 591 905 terretur
608 836 755 904 auxiliis.
777 836 920 928 Sapiens
933 853 1066 921 autem,
1084 837 1128 904 ad
1145 863 1278 907 omnem
1297 841 1406 908 incur·

343 980 416 1023 sum
439 954 591 1023 munitus
611 969 663 1021 est
679 968 714 1020 et
733 953 909 1021 intentus:
931 978 999 1022 non
1015 956 1043 1023 si
1062 972 1262 1049 paupertas,
1294 980 1360 1025 non
1383 960 1407 1023 si

344 1070 476 1154 luctus,
499 1094 569 1139 non
589 1072 618 1139 si
633 1073 842 1167 ignominia,
865 1096 933 1144 non
950 1078 978 1143 si
996 1072 1094 1145 dolor
1114 1076 1278 1167 impetum
1297 1074 1408 1154 faciat,

343 1184 621 1279 pedemlreferet.
639 1192 820 1260 Interritus
834 1208 869 1259 ct
881 1209 999 1262 contra
1013 1190 1073 1260 illa
1085 1191 1169 1274 ibit,
1190 1205 1223 1258 et
1239 1192 1331 1258 inter
1342 1191 1407 1257 itta.

343 1306 412 1373 Nos
431 1304 537 1373 multa
553 1307 728 1399 alligant¹,
751 1310 857 1378 multa
876 1308 1076 1396 debilitant3
1098 1308 1159 1377 diu
1179 1310 1213 1375 in
1234 1308 1310 1374 istis
1327 1308 1411 1372 vitiis

340 1421 529 1514 jacuimus,
548 1422 618 1490 elui
637 1421 781 1493 difficile
801 1441 852 1493 est
873 1453 880 1493 :
900 1450 969 1494 non
990 1426 1082 1493 enim
1098 1422 1266 1516 inquinati
1288 1446 1410 1501 sumus,

345 1534 406 1604 sed
420 1537 550 1607 infecti.

303 1687 320 1739 9
393 1658 445 1724 Ne
456 1655 500 1723 ab
513 1656 580 1724 alia
594 1658 742 1753 imagine
753 1660 797 1728 ad
810 1661 910 1729 aliam
922 1674 1151 1743 transeamus,
1167 1654 1234 1724 hoc
1246 1678 1411 1747 quaeram,

345 1770 446 1864 quod¹
461 1797 592 1843 mecum
610 1800 696 1869 saepe
718 1777 887 1871 dispicio,
917 1774 1002 1871 quid
1027 1779 1075 1844 ita
1097 1801 1159 1843 nos
1183 1772 1328 1841 stultitia
1355 1788 1415 1838 tam

345 1892 567 1984 pertinaciter
585 1895 742 1962 teneat²i
756 1897 890 1981 Primo,
908 1896 989 1987 quia
1009 1918 1078 1961 non
1102 1894 1235 1960 fortiter
1250 1890 1344 1957 illam
1364 1912 1415 1954 re·
1437 1912 1441 1917 ’

348 2004 524 2097 pellimus,
545 2030 609 2074 nec
627 2023 699 2075 toto
717 2008 920 2078 adsalutem
938 2009 1067 2103 impetu
1086 2007 1250 2091 nitimur,
1271 2000 1416 2083 deindo,

346 2122 428 2213 quia
446 2122 523 2207 illa,
542 2148 618 2216 quae
632 2150 653 2192 a
672 2128 884 2219 sapientibus
895 2129 978 2195 viris
991 2140 1126 2219 reperta
1140 2139 1239 2202 sunt,
1257 2145 1330 2187 non
1345 2120 1419 2185 satis

348 2236 535 2325 credimus,
563 2266 627 2311 neo
649 2246 777 2337 apertis
797 2244 993 2338 pectoribus
1011 2241 1209 2321 haurimus,
1231 2239 1420 2327 leviterque

296 2390 324 2423 ιο
350 2372 416 2424 tam
432 2380 563 2451 magam
580 2360 632 2427 rei
658 2361 855 2431 insistimus.
877 2346 1201 2452 Quemadmodum³
1222 2370 1340 2442 autem
1360 2378 1418 2446 po-

350 2488 416 2541 test
437 2474 583 2565 aliquis,
605 2491 768 2567 quantum
790 2479 870 2543 satis
888 2480 948 2559 sit,
972 2476 1133 2543 adversus
1155 2474 1239 2542 vitia
1263 2472 1420 2552 discere,

350 2588 433 2680 qui,
454 2603 657 2680 quantuma
675 2592 767 2661 vitiis
785 2606 900 2672 vacat,
927 2588 1055 2658 discit?
1074 2592 1180 2658 Nemo
1204 2603 1363 2656 nostrum
1392 2586 1425 2649 in

352 2705 456 2774 altum
475 2700 687 2793 desceodlt⁴3
708 2732 837 2777 summa
856 2722 985 2776 tantum
1008 2707 1263 2799 decerpsimus3
1293 2720 1330 2773 et
1355 2706 1426 2771 exi·

355 2846 458 2915 guum
478 2825 641 2917 temporis
664 2824 871 2918 impendisse
890 2824 1136 2919 philosophiae,
1162 2826 1242 2892 satis
1269 2822 1425 2892 abunde-

299 2986 324 3017 „
355 2963 422 3029 que
443 2941 615 3032 occupatis
642 2940 718 3009 fuit.
737 2941 828 3011 Illud
851 2942 1022 3035 praecipue
1046 2936 1210 3030 impedit,
1239 2938 1341 3029 quod
1366 2940 1430 3007 cito

355 3056 453 3123 nobis
466 3057 649 3148 placemus.
667 3058 701 3125 st
717 3059 928 3142 invenimus,
946 3060 1005 3149 qui
1022 3080 1083 3125 nos
1096 3055 1201 3124 bonos
1214 3056 1313 3122 viros
1327 3056 1428 3133 dicat,

393 3310 415 3342 ι.
433 3292 569 3359 Alligatus,
587 3302 673 3342 manet
689 3290 717 3343 in
734 3290 779 3343 ills
790 3290 867 3342 mili-
915 3310 1004 3365 petum
1015 3288 1147 3343 sollicitus.
1158 3286 1380 3339 Ruth-Nobis
1390 3304 1431 3335 eu·

359 3368 868 3441 tariimagine:captlalllganttsr,tenen-
916 3368 1074 3422 temvidetur
1083 3365 1169 3419 ttutttc
1180 3384 1271 3438 parum
1280 3364 1433 3417 intellexisse

358 3453 409 3498 lnr.
422 3445 490 3499 Vide
501 3446 534 3498 ed
548 3446 624 3518 Epist.
639 3462 712 3512 mv,
728 3447 765 3499 rb.
778 3448 869 3499 Rure.
918 3448 987 3500 bunc
1000 3447 1099 3510 locumg
1110 3447 1435 3515 qnontumaos'n'r'somot

393 3544 417 3576 a.
430 3524 528 3579 Teneat
538 3524 657 3598 illigatos.
918 3546 970 3579 non
980 3524 1288 3597 signifieatqnibasnsnc
1297 3534 1390 3577 eareat
1397 3529 1435 3574 vi-

393 3602 416 3657 3.
431 3602 687 3674 Quemadmodum...
695 3606 870 3673 discil?an·
918 3610 1043 3671 ts’s'55nem
1053 3610 1277 3677 oporterelroeem
1288 3602 1437 3655 matsob

361 3682 438 3735 modo
456 3681 547 3754 eliquit
566 3703 636 3736 arms
656 3683 706 3737 sibi
726 3702 870 3756 comparere
918 3679 1230 3754 junctivomodopositsm
1239 3678 1437 3753 fnissezsignili·

361 3773 441 3837 potest
450 3761 509 3814 satis
517 3761 617 3828 selide,
629 3762 721 3834 quibus
733 3764 765 3815 sd
780 3761 871 3813 debcl-
920 3777 958 3816 ret
968 3782 1042 3829 vero,
1058 3773 1110 3814 ute
1124 3758 1241 3830 sequenti
1251 3758 1345 3832 phrasi
1359 3774 1437 3833 patet,

361 3837 437 3891 lenda
454 3839 516 3892 vitis
533 3840 640 3893 feliciter
659 3840 697 3893 uti
712 3839 807 3911 possit,
826 3838 870 3908 qui
908 3839 1035 3893 'ossillud
1047 3848 1251 3909 tantumtempus
1263 3833 1439 3911 pbilosbpbie

361 3919 491 3992 sapientie
498 3921 608 3975 studium
616 3921 683 3974 inter
692 3918 871 3974 subsecirelra·
919 3918 1067 3989 impendere
1076 3936 1127 3987 quo
1140 3934 1153 3966 a
1167 3912 1235 3965 vitiis
1251 3934 1400 3981 veternus,
1415 3913 1440 3964 id

361 3998 421 4066 bet,
446 3998 544 4053 discens
562 3999 761 4060 tantummodo,
781 3998 872 4067 quibus
920 4008 1014 4066 estque
1022 4014 1074 4047 non
1081 3993 1244 4065 indulgemus
1252 3992 1379 4055 luxuria,
1388 4010 1440 4044 sm·

361 4096 431 4131 nune
449 4090 530 4131 career
544 4078 627 4142 vitii„
642 4078 673 4131 de
690 4076 800 4141 steteris,
815 4094 872 4146 qut
920 4075 1031 4139 hittoni,
1044 4074 1139 4127 nedum
1158 4085 1246 4125 conus
1261 4092 1378 4127 omnem
1396 4092 1442 4125 eo-

360 4158 483 4230 impeturn
501 4156 528 4209 in
545 4176 602 4209 eum
622 4158 703 4209 lacere
717 4155 828 4229 possint,
848 4166 872 4205 et
920 4174 977 4207 rum
989 4151 1309 4229 impetumparatisirnus.

361 4230 391 4287 de
407 4234 525 4287 remediis
541 4246 629 4305 contra
650 4253 676 4286 es
692 4232 870 4303 requirendis,
954 4232 978 4297 4.
990 4232 1110 4284 Nemo...
1126 4231 1269 4283 descendit.
1290 4228 1391 4283 simite
1409 4240 1442 4279 est
