2975 4992
412 411 678 482 nrtsront
701 412 809 481 xit.
1081 417 1148 510 269

86 546 180 613 dare?
196 542 283 637 quid
295 566 335 611 eo
351 542 562 623 dementius,
584 544 642 633 qui
659 566 699 609 ea
717 543 873 624 miratur,
892 564 970 632 quae
987 542 1031 610 nd
1043 544 1147 612 alium

86 663 255 732 transferri
269 662 424 755 protinus
436 662 566 753 possint
577 660 592 727 i
604 661 680 727 Non
694 658 824 727 faciunt
836 658 1010 728 meliorem
1023 684 1148 753 equum

84 782 167 848 aurei
186 780 297 849 freni.
320 780 429 847 Aliter
448 779 501 847 leo
522 794 638 847 aurata
657 778 743 870 juba
762 780 908 848 mittitur
921 784 947 861 ¹,
964 779 1045 850 dum
1062 807 1150 851 con-

84 898 275 976 tractatur²‚
293 893 383 962 etad
399 895 598 987 patientiam
609 892 802 985 reeipiendi
815 888 1033 963 ornamenta³
1053 898 1150 990 cogi-

84 1024 131 1077 tur
148 1010 328 1103 fatigatum
344 1010 444 1077 aliter
458 1008 624 1091 incultus,
640 1010 766 1103 integri
779 1010 931 1103 spiritua.
947 1013 1011 1079 Hic
1021 1013 1150 1081 scilicet

86 1130 206 1221 impetu
227 1150 320 1207 acer,
341 1127 475 1217 qualem
493 1124 589 1193 illum
604 1140 726 1195 natura
740 1150 814 1195 eane
833 1126 962 1211 voluit,
981 1129 1150 1221 speciosus

84 1268 117 1311 ex
131 1240 295 1325 horrido,
313 1243 410 1336 cujus
423 1243 480 1311 hie
491 1241 595 1310 decor
607 1256 678 1324 eat,
701 1265 772 1309 non
789 1243 863 1310 aine
881 1244 1002 1311 timore
1023 1247 1147 1338 aspici,

84 1359 261 1453 prefertur
278 1357 330 1427 illi
350 1352 530 1451 languido⁴
551 1373 586 1425 et
605 1356 792 1425 bracteam.
809 1360 916 1426 Nemo
931 1358 1071 1451 gloriari
1085 1362 1151 1429 niai
1176 1380 1190 1425 r

85 1501 139 1543 suo
158 1474 275 1545 debet.
294 1476 405 1542 Vitem
425 1472 620 1557 laudamus,
641 1474 669 1541 ai
696 1474 809 1543 fructu
832 1472 1150 1569 palmitea'onerat‚

85 1594 108 1657 ai
126 1594 198 1685 ipsa
219 1588 265 1659 ad
287 1606 434 1671 terram,
462 1590 615 1684 pondere
638 1614 756 1659 eorum
781 1614 857 1682 quae
881 1590 982 1673 tulit,
1004 1591 1153 1660 admini-

86 1708 153 1773 cula
171 1706 328 1775 deducit.
347 1708 432 1775 Nam
453 1698 551 1799 quit⁵
570 1706 653 1774 huic
668 1705 760 1773 illam
774 1706 934 1799 praeferet
949 1708 1076 1791 vitem,
1097 1708 1153 1775 cui

85 1848 188 1891 aureae
202 1848 300 1908 urae,
316 1848 419 1892 aurea
436 1822 515 1891 folia
532 1821 727 1917 dependent
740 1824 756 1891 i
772 1824 916 1915 Propria
932 1825 1041 1893 virtue
1053 1840 1104 1892 eat
1117 1825 1153 1891 in

85 1944 147 2009 rite
160 1942 321 2009 fertilitas
336 1968 344 2007 ι
361 1942 398 2007 in
409 1941 546 2008 homine
561 1962 697 2034 quoque
709 1938 746 2007 id
758 1937 965 2009 laudandum
974 1956 1045 2025 eat,
1061 1941 1154 2036 quod

87 2058 184 2149 ipsius
200 2073 268 2124 eat.
288 2055 468 2148 Familiam
493 2047 693 2125 formoaam⁶
720 2054 843 2137 habet,
865 2072 901 2125 et
920 2055 1055 2125 domum
1075 2058 1155 2151 pul-

87 2171 195 2238 chrum
210 2199 220 2257 3
233 2170 379 2238 multum
397 2172 514 2249 aeritl,
533 2168 675 2237 multum
693 2169 836 2237 foenerat
853 2194 861 2235 ε
878 2170 964 2237 nihil
979 2171 1100 2238 horum
1119 2172 1156 2237 in

88 2288 152 2378 ipen
170 2304 243 2371 eat,
265 2284 326 2353 aed
348 2286 440 2353 circa
459 2286 581 2378 ipsum.
603 2282 720 2351 Lauda
737 2284 774 2349 in
793 2283 852 2350 illo
868 2282 961 2376 quod
987 2308 1051 2351 nec
1067 2286 1155 2379 eripi
1179 2294 1196 2347 tt

87 2416 212 2493 puteat,
232 2424 299 2470 nec
318 2400 414 2485 duri3
435 2398 528 2493 quod
546 2400 723 2494 proprium
744 2399 891 2474 hominia
908 2414 972 2468 eat.
994 2400 1152 2491 Qumis,

89 2516 163 2609 quid
181 2518 255 2587 ait?
274 2516 438 2599 Animus,
458 2532 493 2584 et
506 2517 593 2584 ratio
609 2516 774 2585 inanimo
788 2514 959 2609 perfecta!
978 2517 1156 2584 Rationale

89 2638 170 2701 enim
182 2633 313 2702 animal
326 2648 377 2701 eat
391 2633 492 2701 homo
508 2657 516 2699 ι
534 2646 787 2700 consummatur
797 2632 911 2723 itaque
924 2630 1051 2699 bonum
1061 2630 1155 2722 ejus,

90 2753 114 2818 si
129 2750 164 2817 id
181 2749 362 2843 implevit,
385 2750 441 2816 eui
461 2749 623 2817 nascitur.
650 2746 748 2838 Quid
770 2762 822 2815 eet
844 2762 976 2828 autem,
1005 2745 1096 2839 quod
1114 2746 1160 2815 ab

91 2962 160 3005 quum
172 2956 271 2995 temere
283 2941 376 2994 orniam
389 2944 529 2993 canetenim
540 2958 598 3012 par·
647 2946 771 2990 tractatur
787 2938 826 2990 cd.
844 2940 881 2991 A.
897 2939 1066 2993 Contmititur
1080 2951 1116 2993 est
1133 2941 1160 2993 in

91 3021 333 3085 ticula‚deaidcratut·
341 3021 428 3074 eadem
437 3021 464 3072 iu
473 3019 598 3072 cdllubk.
647 3033 760 3069 manusc.
771 3034 792 3067 c·
802 3016 883 3069 scta.

91 3114 111 3151 et
121 3098 209 3151 ttatth.
219 3098 303 3151 Setae.
426 3090 428 3098 ¹
681 3092 705 3143 3.
726 3092 910 3164 Omnmenta,
929 3094 1052 3161 monilia,
1071 3116 1162 3149 aurunt

121 3198 140 3228 t.
152 3176 276 3228 Mittitur
288 3175 354 3239 (icil.
365 3176 396 3227 ad
407 3174 598 3249 spectaculum).
649 3168 715 3241 jubis
726 3170 885 3242 inspersum,
900 3170 1024 3244 phalerae,
1040 3185 1085 3225 etc.
1097 3174 1133 3225 tt.

92 3254 129 3306 Sic
137 3274 183 3307 ma.
192 3256 218 3307 b.
231 3274 291 3309 cum
304 3252 377 3307 codd.
387 3254 448 3327 Opi.
461 3267 485 3307 et
496 3252 567 3307 rtet.
577 3266 602 3305 et
682 3250 706 3314 4·
719 3246 859 3317 languido
868 3261 894 3302 et
904 3252 943 3302 br.
956 3250 1001 3302 Sic
1018 3270 1075 3301 msa.
1087 3250 1161 3303 Grut.

93 3331 139 3383 Pal.
148 3354 174 3397 a,
185 3350 233 3383 nec
245 3331 314 3383 aliud
324 3330 504 3385 debueratCel.
515 3333 600 3403 inquo
650 3341 674 3380 et
685 3326 763 3381 editio
778 3339 856 3381 vetus.
870 3328 1024 3382 vetustiores
1041 3328 1099 3381 cdd.
1112 3328 1163 3381 ha-

91 3410 172 3461 vitioac
180 3412 293 3474 nititur,
303 3410 448 3460 demittitur
454 3409 492 3461 etl.
502 3408 537 3459 fi.
547 3430 601 3461 rur·
650 3408 708 3460 bere
720 3409 894 3475 ianguitudn,
908 3407 942 3458 ait
955 3406 1085 3459 Gruterus.
1100 3406 1136 3457 R.

91 3507 173 3555 suaque
192 3487 232 3539 etl.
248 3485 318 3560 Lipr.
341 3498 366 3537 et
377 3505 446 3555 seqq.
458 3488 603 3540 dimittitur
685 3486 707 3535 5.
716 3482 792 3535 Nam
801 3489 869 3552 quis.
878 3483 932 3537 Alii
940 3481 1016 3558 vulgo
1028 3506 1092 3535 num
1103 3488 1163 3551 quis

92 3565 126 3615 et.
136 3566 170 3616 A.
183 3583 244 3615 cunt
259 3566 406 3618 mac-nitet
417 3562 454 3614 cd
468 3562 566 3615 Eraam.
578 3574 602 3613 ct
650 3560 790 3631 Schweigi.
1171 3575 1174 3578 ’

92 3644 153 3693 llur.
164 3640 195 3692 S.
205 3668 232 3681 -
250 3643 338 3692 Aliter
347 3642 386 3701 feo
399 3644 520 3692 mittitur.
534 3640 601 3692 Con·
683 3639 707 3691 fi.
720 3640 866 3691 Familiam
867 3638 1020 3710 firrmcsam
1028 3638 1089 3691 dant
1101 3658 1161 3691 mss.

92 3720 144 3770 ferri
155 3718 247 3791 jubent
256 3717 325 3770 hunc
336 3718 420 3770 lotum
432 3737 487 3769 eunt
497 3718 601 3787 Epictet.
652 3716 727 3769 Grut.
737 3730 761 3769 et
770 3717 847 3769 editio
859 3730 938 3769 retus.
950 3718 1067 3769 Erasmus
1076 3731 1164 3769 contra

93 3798 152 3848 Dias.
162 3798 267 3849 Arriam
278 3796 331 3858 IV,
344 3815 371 3859 t,
386 3800 425 3846 25.
438 3794 602 3867 Shaftcaltury
652 3794 727 3848 habet
742 3797 893 3867 :familiam
903 3796 1164 3865 pulcram-Fami-

93 3888 114 3925 et
129 3876 225 3948 Uptou.
243 3877 344 3935 Δίοντκ
361 3875 486 3940 τρέφουσιν
504 3876 603 3942 ἡμέρους
651 3876 717 3927 iiam
729 3912 736 3937 ,
750 3894 841 3945 nempe
853 3892 991 3925 servorum.
1003 3874 1095 3926 Ruth.

94 3956 244 4016 tyxktmg
257 3955 293 4007 nal
307 3955 435 4017 «κτίζουσι,
447 3953 484 4003 καὶ
498 3956 607 4021 κομίζον·
691 3974 712 4019 7.
730 3954 848 4005 Multum
868 3956 963 4006 serit...
962 3954 1084 4026 sanarat.
1105 3953 1164 4006 Duo

96 4034 191 4083 :trima
204 4032 254 4099 μεθ’
266 4032 352 4084 αὑτῶ.
364 4028 456 4080 finitit-
656 4043 753 4081 tautum
775 4030 949 4084 lucrifaciendi
975 4052 1067 4105 genera
1093 4032 1166 4083 affert

127 4132 150 4161 a.
165 4113 349 4164 contractatur
365 4108 431 4159 benc
450 4126 496 4159 ms.
508 4108 532 4158 b.
550 4128 606 4159 rum
657 4110 749 4159 Noster
765 4121 843 4160 :aunt
860 4108 942 4161 aditur
955 4108 1021 4173 alia,
1038 4131 1059 4161 e.
1080 4130 1101 4161 c.
1117 4129 1166 4180 pa·-

96 4186 148 4239 edd.
160 4188 211 4255 (Cf
222 4190 254 4244 de
264 4190 352 4243 Cenat.
364 4188 425 4257 sap.
436 4206 458 4239 c·
474 4186 524 4251 ti.)
537 4186 607 4238 Cvn-
656 4183 741 4237 scendi
750 4224 757 4250 ,
767 4184 923 4257 negotiandi.
937 4184 1025 4238 ttutt.
