<?xml version="1.0" encoding="UTF-8"?>
<!DOCTYPE html PUBLIC "-//W3C//DTD XHTML 1.0 Transitional//EN"
    "http://www.w3.org/TR/xhtml1/DTD/xhtml1-transitional.dtd">
<html xmlns="http://www.w3.org/1999/xhtml" xml:lang="en" lang="en">
 <head>
  <title>
</title>
<meta http-equiv="Content-Type" content="text/html;charset=utf-8" />
  <meta name='ocr-system' content='tesseract 3.04.00' />
  <meta name='ocr-capabilities' content='ocr_page ocr_carea ocr_par ocr_line ocrx_word'/>
</head>
<body>
  <div class='ocr_page' id='page_1' title='image "./lannsenecparspr03bouigoog_0508.png"; bbox 0 0 2975 4992; ppageno 0'>
   <div class='ocr_carea' id='block_1_1' title="bbox 307 436 1090 539">
    <p class='ocr_par' dir='ltr' id='par_1_1' title="bbox 307 436 1090 539">
     <span class='ocr_line' id='line_1_1' title="bbox 307 436 1090 539; baseline 0.003 -30"><span class='ocrx_word' id='word_1_1' title='bbox 307 445 373 539; x_wconf 67' lang='lat'><strong>⁴9⁸</strong></span> <span class='ocrx_word' id='word_1_2' title='bbox 605 443 646 509; x_wconf 86' lang='lat' dir='ltr'><strong>n.</strong></span> <span class='ocrx_word' id='word_1_3' title='bbox 673 438 853 509; x_wconf 74' lang='lat' dir='ltr'><strong>nunni</strong></span> <span class='ocrx_word' id='word_1_4' title='bbox 877 436 1090 511; x_wconf 76' lang='lat' dir='ltr'><strong>sunnon</strong></span> 
     </span>
    </p>
   </div>
   <div class='ocr_carea' id='block_1_2' title="bbox 304 570 1387 665">
    <p class='ocr_par' dir='ltr' id='par_1_2' title="bbox 304 570 1387 665">
     <span class='ocr_line' id='line_1_2' title="bbox 304 570 1387 665; baseline 0 -25"><span class='ocrx_word' id='word_1_5' title='bbox 304 594 422 641; x_wconf 76' lang='lat' dir='ltr'><strong>earnm</strong></span> <span class='ocrx_word' id='word_1_6' title='bbox 433 577 459 656; x_wconf 87' lang='lat'><strong>¹,</strong></span> <span class='ocrx_word' id='word_1_7' title='bbox 478 588 517 639; x_wconf 91' lang='lat' dir='ltr'><strong>ut</strong></span> <span class='ocrx_word' id='word_1_8' title='bbox 527 570 674 665; x_wconf 82' lang='lat' dir='ltr'><strong>juvenes</strong></span> <span class='ocrx_word' id='word_1_9' title='bbox 684 585 884 662; x_wconf 85' lang='lat' dir='ltr'><strong>sequantur.</strong></span> <span class='ocrx_word' id='word_1_10' title='bbox 901 570 942 638; x_wconf 93' lang='lat' dir='ltr'><strong>ln</strong></span> <span class='ocrx_word' id='word_1_11' title='bbox 953 570 1125 640; x_wconf 80' lang='lat' dir='ltr'><strong>theatrum</strong></span> <span class='ocrx_word' id='word_1_12' title='bbox 1140 595 1242 639; x_wconf 85' lang='lat' dir='ltr'><strong>senex</strong></span> <span class='ocrx_word' id='word_1_13' title='bbox 1257 571 1336 654; x_wconf 91' lang='lat' dir='ltr'><strong>ibo,</strong></span> <span class='ocrx_word' id='word_1_14' title='bbox 1353 588 1387 641; x_wconf 87' lang='lat' dir='ltr'><strong>et</strong></span> 
     </span>
    </p>
   </div>
   <div class='ocr_carea' id='block_1_3' title="bbox 302 684 1386 897">
    <p class='ocr_par' dir='ltr' id='par_1_3' title="bbox 302 684 1386 897">
     <span class='ocr_line' id='line_1_3' title="bbox 305 684 1386 782; baseline 0.001 -27"><span class='ocrx_word' id='word_1_15' title='bbox 305 689 342 756; x_wconf 93' lang='lat' dir='ltr'><strong>in</strong></span> <span class='ocrx_word' id='word_1_16' title='bbox 360 689 491 757; x_wconf 84' lang='lat' dir='ltr'><strong>circum</strong></span> <span class='ocrx_word' id='word_1_17' title='bbox 504 687 660 770; x_wconf 85' lang='lat' dir='ltr'><strong>deferar,</strong></span> <span class='ocrx_word' id='word_1_18' title='bbox 682 702 717 754; x_wconf 85' lang='lat' dir='ltr'><strong>et</strong></span> <span class='ocrx_word' id='word_1_19' title='bbox 729 684 863 755; x_wconf 92' lang='lat' dir='ltr'><strong>nullum</strong></span> <span class='ocrx_word' id='word_1_20' title='bbox 881 690 971 779; x_wconf 85' lang='lat' dir='ltr'><strong>par²</strong></span> <span class='ocrx_word' id='word_1_21' title='bbox 991 688 1066 755; x_wconf 83' lang='lat' dir='ltr'><strong>sine</strong></span> <span class='ocrx_word' id='word_1_22' title='bbox 1080 712 1134 757; x_wconf 88' lang='lat' dir='ltr'><strong>me</strong></span> <span class='ocrx_word' id='word_1_23' title='bbox 1148 686 1386 782; x_wconf 77' lang='lat' dir='ltr'><strong>depugnabit?</strong></span> 
     </span>
     <span class='ocr_line' id='line_1_4' title="bbox 302 800 1381 897; baseline 0 -26"><span class='ocrx_word' id='word_1_24' title='bbox 302 802 348 871; x_wconf 91' lang='lat' dir='ltr'><strong>ad</strong></span> <span class='ocrx_word' id='word_1_25' title='bbox 369 800 610 897; x_wconf 86' lang='lat' dir='ltr'><strong>philosophum</strong></span> <span class='ocrx_word' id='word_1_26' title='bbox 628 802 679 869; x_wconf 86' lang='lat' dir='ltr'><strong>ire</strong></span> <span class='ocrx_word' id='word_1_27' title='bbox 702 800 927 869; x_wconf 77' lang='lat' dir='ltr'>erubescam?</span> <span class='ocrx_word' id='word_1_28' title='bbox 946 803 1090 869; x_wconf 82' lang='lat' dir='ltr'><strong><em>Tamdiu</em></strong></span> <span class='ocrx_word' id='word_1_29' title='bbox 1102 804 1293 871; x_wconf 78' lang='lat' dir='ltr'><strong>disoendwn</strong></span> <span class='ocrx_word' id='word_1_30' title='bbox 1310 822 1381 886; x_wconf 87' lang='lat' dir='ltr'><strong>est,</strong></span> 
     </span>
    </p>
   </div>
   <div class='ocr_carea' id='block_1_4' title="bbox 203 906 1384 1951">
    <p class='ocr_par' dir='ltr' id='par_1_4' title="bbox 300 906 1380 1016">
     <span class='ocr_line' id='line_1_5' title="bbox 300 906 1380 1016; baseline -0.002 -27"><span class='ocrx_word' id='word_1_31' title='bbox 300 919 626 1012; x_wconf 64' lang='lat' dir='ltr'><strong>quamdiunescinm</strong></span> <span class='ocrx_word' id='word_1_32' title='bbox 638 919 665 986; x_wconf 83' lang='lat' dir='ltr'><strong>si</strong></span> <span class='ocrx_word' id='word_1_33' title='bbox 677 906 1070 1013; x_wconf 74' lang='lat' dir='ltr'><strong>proverbio³&#39;cre‹timus</strong></span> <span class='ocrx_word' id='word_1_34' title='bbox 1081 970 1091 1004; x_wconf 95' lang='lat'><strong>,</strong></span> <span class='ocrx_word' id='word_1_35' title='bbox 1103 922 1264 1016; x_wconf 78' lang='lat' dir='ltr'><em>quamdiu</em></span> <span class='ocrx_word' id='word_1_36' title='bbox 1274 924 1380 988; x_wconf 83' lang='lat' dir='ltr'><strong>vivas.</strong></span> 
     </span>
    </p>

    <p class='ocr_par' dir='ltr' id='par_1_5' title="bbox 301 1030 1384 1248">
     <span class='ocr_line' id='line_1_6' title="bbox 301 1030 1384 1130; baseline 0 -23"><span class='ocrx_word' id='word_1_37' title='bbox 301 1042 373 1107; x_wconf 87' lang='lat' dir='ltr'><strong>Nec</strong></span> <span class='ocrx_word' id='word_1_38' title='bbox 392 1030 478 1105; x_wconf 82' lang='lat' dir='ltr'><strong>utti⁴</strong></span> <span class='ocrx_word' id='word_1_39' title='bbox 502 1033 569 1105; x_wconf 87' lang='lat' dir='ltr'><strong>hoc</strong></span> <span class='ocrx_word' id='word_1_40' title='bbox 588 1038 638 1105; x_wconf 92' lang='lat' dir='ltr'><strong>rei</strong></span> <span class='ocrx_word' id='word_1_41' title='bbox 660 1038 768 1130; x_wconf 78' lang='lat' dir='ltr'><strong>magia</strong></span> <span class='ocrx_word' id='word_1_42' title='bbox 790 1039 977 1123; x_wconf 86' lang='lat' dir='ltr'><strong>convenit,</strong></span> <span class='ocrx_word' id='word_1_43' title='bbox 998 1061 1100 1129; x_wconf 89' lang='lat' dir='ltr'><strong>quam</strong></span> <span class='ocrx_word' id='word_1_44' title='bbox 1118 1037 1200 1107; x_wconf 88' lang='lat' dir='ltr'><strong>huic</strong></span> <span class='ocrx_word' id='word_1_45' title='bbox 1223 1065 1232 1104; x_wconf 92' lang='lat'>:</span> <span class='ocrx_word' id='word_1_46' title='bbox 1254 1037 1384 1107; x_wconf 86' lang='lat' dir='ltr'><strong>tamdiu</strong></span> 
     </span>
     <span class='ocr_line' id='line_1_7' title="bbox 301 1150 1382 1248; baseline -0.001 -24"><span class='ocrx_word' id='word_1_47' title='bbox 301 1152 501 1224; x_wconf 83' lang='lat' dir='ltr'><strong>discendum</strong></span> <span class='ocrx_word' id='word_1_48' title='bbox 511 1170 562 1222; x_wconf 88' lang='lat' dir='ltr'><strong>est</strong></span> <span class='ocrx_word' id='word_1_49' title='bbox 578 1150 865 1245; x_wconf 84' lang='lat' dir='ltr'><strong>quemadmodum</strong></span> <span class='ocrx_word' id='word_1_50' title='bbox 877 1156 971 1223; x_wconf 85' lang='lat' dir='ltr'><strong>vivas</strong></span> <span class='ocrx_word' id='word_1_51' title='bbox 979 1204 990 1241; x_wconf 93' lang='lat'><strong>,</strong></span> <span class='ocrx_word' id='word_1_52' title='bbox 1015 1156 1177 1247; x_wconf 81' lang='lat' dir='ltr'><strong>quamdiu</strong></span> <span class='ocrx_word' id='word_1_53' title='bbox 1191 1156 1301 1225; x_wconf 81' lang='lat' dir='ltr'><strong>vivas.</strong></span> <span class='ocrx_word' id='word_1_54' title='bbox 1314 1158 1382 1248; x_wconf 77' lang='lat' dir='ltr'><strong>Ego</strong></span> 
     </span>
    </p>

    <p class='ocr_par' dir='ltr' id='par_1_6' title="bbox 255 1266 1383 1597">
     <span class='ocr_line' id='line_1_8' title="bbox 255 1266 1383 1363; baseline 0.006 -31"><span class='ocrx_word' id='word_1_55' title='bbox 255 1279 274 1332; x_wconf 80' lang='lat'>3</span> <span class='ocrx_word' id='word_1_56' title='bbox 300 1282 414 1339; x_wconf 88' lang='lat' dir='ltr'><strong>tamen</strong></span> <span class='ocrx_word' id='word_1_57' title='bbox 432 1268 504 1338; x_wconf 89' lang='lat' dir='ltr'><strong>illic</strong></span> <span class='ocrx_word' id='word_1_58' title='bbox 521 1266 656 1361; x_wconf 85' lang='lat' dir='ltr'><strong>aliquid</strong></span> <span class='ocrx_word' id='word_1_59' title='bbox 672 1284 707 1336; x_wconf 91' lang='lat' dir='ltr'><strong>et</strong></span> <span class='ocrx_word' id='word_1_60' title='bbox 723 1266 842 1337; x_wconf 85' lang='lat' dir='ltr'><strong>doceo.</strong></span> <span class='ocrx_word' id='word_1_61' title='bbox 861 1269 1085 1362; x_wconf 82' lang='lat' dir='ltr'><strong>-Quaeris,</strong></span> <span class='ocrx_word' id='word_1_62' title='bbox 1108 1268 1193 1363; x_wconf 89' lang='lat' dir='ltr'><strong>quid</strong></span> <span class='ocrx_word' id='word_1_63' title='bbox 1215 1268 1383 1339; x_wconf 83' lang='lat' dir='ltr'><strong>doceam?</strong></span> 
     </span>
     <span class='ocr_line' id='line_1_9' title="bbox 304 1384 1382 1482; baseline 0 -25"><span class='ocrx_word' id='word_1_64' title='bbox 304 1427 345 1441; x_wconf 96' lang='lat'><em>-</em></span> <span class='ocrx_word' id='word_1_65' title='bbox 365 1388 474 1457; x_wconf 86' lang='lat' dir='ltr'><strong>Etiam</strong></span> <span class='ocrx_word' id='word_1_66' title='bbox 493 1387 567 1456; x_wconf 88' lang='lat' dir='ltr'><strong>seni</strong></span> <span class='ocrx_word' id='word_1_67' title='bbox 586 1409 659 1455; x_wconf 86' lang='lat' dir='ltr'><strong>esse</strong></span> <span class='ocrx_word' id='word_1_68' title='bbox 678 1384 893 1455; x_wconf 88' lang='lat' dir='ltr'><strong>discendnm.</strong></span> <span class='ocrx_word' id='word_1_69' title='bbox 912 1388 1024 1456; x_wconf 84' lang='lat' dir='ltr'><strong>Pudet</strong></span> <span class='ocrx_word' id='word_1_70' title='bbox 1038 1404 1151 1457; x_wconf 90' lang='lat' dir='ltr'><strong>autem</strong></span> <span class='ocrx_word' id='word_1_71' title='bbox 1170 1413 1224 1457; x_wconf 87' lang='lat' dir='ltr'><strong>me</strong></span> <span class='ocrx_word' id='word_1_72' title='bbox 1242 1390 1382 1482; x_wconf 79' lang='lat' dir='ltr'><strong>generis</strong></span> 
     </span>
     <span class='ocr_line' id='line_1_10' title="bbox 298 1501 1380 1597; baseline -0.001 -24"><span class='ocrx_word' id='word_1_73' title='bbox 298 1506 462 1590; x_wconf 91' lang='lat' dir='ltr'><strong>humani,</strong></span> <span class='ocrx_word' id='word_1_74' title='bbox 491 1504 626 1596; x_wconf 84' lang='lat' dir='ltr'><strong>quoties</strong></span> <span class='ocrx_word' id='word_1_75' title='bbox 651 1501 800 1572; x_wconf 87' lang='lat' dir='ltr'><strong>scholam</strong></span> <span class='ocrx_word' id='word_1_76' title='bbox 822 1504 961 1572; x_wconf 80' lang='lat' dir='ltr'><strong>intravi.</strong></span> <span class='ocrx_word' id='word_1_77' title='bbox 990 1506 1121 1575; x_wconf 84' lang='lat' dir='ltr'><strong>Praeter</strong></span> <span class='ocrx_word' id='word_1_78' title='bbox 1145 1506 1257 1597; x_wconf 79' lang='lat' dir='ltr'><strong>ipsum</strong></span> <span class='ocrx_word' id='word_1_79' title='bbox 1284 1505 1380 1572; x_wconf 87' lang='lat' dir='ltr'><strong>theu-</strong></span> 
     </span>
    </p>

    <p class='ocr_par' dir='ltr' id='par_1_7' title="bbox 203 1620 1380 1951">
     <span class='ocr_line' id='line_1_11' title="bbox 203 1620 1380 1719; baseline -0.001 -30"><span class='ocrx_word' id='word_1_80' title='bbox 203 1707 207 1719; x_wconf 38' lang='lat'>·</span> <span class='ocrx_word' id='word_1_81' title='bbox 297 1637 387 1689; x_wconf 88' lang='lat' dir='ltr'><strong>trum</strong></span> <span class='ocrx_word' id='word_1_82' title='bbox 406 1620 726 1714; x_wconf 79' lang='lat' dir='ltr'><strong>Neapolitanorum,</strong></span> <span class='ocrx_word' id='word_1_83' title='bbox 753 1635 791 1687; x_wconf 88' lang='lat' dir='ltr'><strong>ut</strong></span> <span class='ocrx_word' id='word_1_84' title='bbox 812 1621 895 1702; x_wconf 79' lang='lat' dir='ltr'><strong>scis,</strong></span> <span class='ocrx_word' id='word_1_85' title='bbox 918 1621 1161 1689; x_wconf 87' lang='lat' dir='ltr'><strong>transeundum</strong></span> <span class='ocrx_word' id='word_1_86' title='bbox 1180 1638 1231 1689; x_wconf 81' lang='lat' dir='ltr'><strong>est</strong></span> <span class='ocrx_word' id='word_1_87' title='bbox 1249 1623 1380 1689; x_wconf 88' lang='lat' dir='ltr'><strong>Metro·</strong></span> 
     </span>
     <span class='ocr_line' id='line_1_12' title="bbox 294 1728 1380 1833; baseline -0.004 -26"><span class='ocrx_word' id='word_1_88' title='bbox 294 1740 405 1807; x_wconf 84' lang='lat' dir='ltr'><strong>nactis</strong></span> <span class='ocrx_word' id='word_1_89' title='bbox 417 1728 635 1833; x_wconf 84' lang='lat' dir='ltr'><strong>petentibus⁵</strong></span> <span class='ocrx_word' id='word_1_90' title='bbox 650 1735 801 1805; x_wconf 88' lang='lat' dir='ltr'><strong>domum.</strong></span> <span class='ocrx_word' id='word_1_91' title='bbox 815 1736 906 1804; x_wconf 92' lang='lat' dir='ltr'><strong>Illud</strong></span> <span class='ocrx_word' id='word_1_92' title='bbox 920 1737 1060 1829; x_wconf 87' lang='lat' dir='ltr'><strong>quidem</strong></span> <span class='ocrx_word' id='word_1_93' title='bbox 1074 1736 1217 1805; x_wconf 79' lang='lat' dir='ltr'><strong>farctum</strong></span> <span class='ocrx_word' id='word_1_94' title='bbox 1231 1730 1244 1773; x_wconf 82' lang='lat'><strong><em>⁶</em></strong></span> <span class='ocrx_word' id='word_1_95' title='bbox 1262 1755 1334 1826; x_wconf 81' lang='lat' dir='ltr'><strong>est3</strong></span> <span class='ocrx_word' id='word_1_96' title='bbox 1348 1753 1380 1805; x_wconf 89' lang='lat' dir='ltr'><strong>et</strong></span> 
     </span>
     <span class='ocr_line' id='line_1_13' title="bbox 297 1852 1377 1951; baseline -0.006 -26"><span class='ocrx_word' id='word_1_97' title='bbox 297 1856 431 1951; x_wconf 80' lang='lat' dir='ltr'><strong>ingenti</strong></span> <span class='ocrx_word' id='word_1_98' title='bbox 453 1855 585 1937; x_wconf 84' lang='lat' dir='ltr'><strong>etudio,</strong></span> <span class='ocrx_word' id='word_1_99' title='bbox 614 1855 692 1946; x_wconf 85' lang='lat' dir='ltr'><strong>quis</strong></span> <span class='ocrx_word' id='word_1_100' title='bbox 716 1854 761 1921; x_wconf 87' lang='lat' dir='ltr'><strong>eit</strong></span> <span class='ocrx_word' id='word_1_101' title='bbox 782 1852 987 1947; x_wconf 80' lang='lat' dir='ltr'><strong>pythaulee⁷</strong></span> <span class='ocrx_word' id='word_1_102' title='bbox 1011 1854 1140 1936; x_wconf 81' lang='lat' dir='ltr'><strong>bonus,</strong></span> <span class='ocrx_word' id='word_1_103' title='bbox 1168 1852 1377 1946; x_wconf 86' lang='lat' dir='ltr'><strong>judicatur:</strong></span> 
     </span>
    </p>
   </div>
   <div class='ocr_carea' id='block_1_5' title="bbox 281 2092 1382 4285">
    <p class='ocr_par' dir='ltr' id='par_1_8' title="bbox 293 2092 1381 2799">
     <span class='ocr_line' id='line_1_14' title="bbox 294 2092 1381 2172; baseline -0.007 -17"><span class='ocrx_word' id='word_1_104' title='bbox 294 2098 499 2172; x_wconf 81' lang='lat' dir='ltr'><strong>dedit,omnibus</strong></span> <span class='ocrx_word' id='word_1_105' title='bbox 507 2096 627 2149; x_wconf 86' lang='lat' dir='ltr'><strong>insecutis</strong></span> <span class='ocrx_word' id='word_1_106' title='bbox 634 2093 814 2167; x_wconf 84' lang='lat' dir='ltr'><strong>eddposterio·</strong></span> <span class='ocrx_word' id='word_1_107' title='bbox 863 2107 903 2148; x_wconf 84' lang='lat' dir='ltr'><strong>eet</strong></span> <span class='ocrx_word' id='word_1_108' title='bbox 924 2092 1110 2168; x_wconf 74' lang='lat' dir='ltr'><strong>pbilosopbioe;</strong></span> <span class='ocrx_word' id='word_1_109' title='bbox 1125 2106 1150 2146; x_wconf 87' lang='lat' dir='ltr'><strong>et</strong></span> <span class='ocrx_word' id='word_1_110' title='bbox 1165 2092 1264 2147; x_wconf 85' lang='lat' dir='ltr'><strong>nullius</strong></span> <span class='ocrx_word' id='word_1_111' title='bbox 1275 2092 1314 2147; x_wconf 92' lang='lat' dir='ltr'><strong>rei</strong></span> <span class='ocrx_word' id='word_1_112' title='bbox 1323 2107 1381 2147; x_wconf 84' lang='lat' dir='ltr'><strong>stu·</strong></span> 
     </span>
     <span class='ocr_line' id='line_1_15' title="bbox 296 2174 1379 2249; baseline -0.007 -16"><span class='ocrx_word' id='word_1_113' title='bbox 296 2180 376 2233; x_wconf 84' lang='lat' dir='ltr'><strong>ribus.</strong></span> <span class='ocrx_word' id='word_1_114' title='bbox 390 2176 472 2231; x_wconf 87' lang='lat' dir='ltr'><strong>Codd.</strong></span> <span class='ocrx_word' id='word_1_115' title='bbox 484 2189 569 2229; x_wconf 88' lang='lat' dir='ltr'><strong>tamen</strong></span> <span class='ocrx_word' id='word_1_116' title='bbox 580 2174 653 2245; x_wconf 89' lang='lat' dir='ltr'><strong>sequi</strong></span> <span class='ocrx_word' id='word_1_117' title='bbox 664 2174 761 2236; x_wconf 87' lang='lat' dir='ltr'><strong>malui,</strong></span> <span class='ocrx_word' id='word_1_118' title='bbox 774 2192 813 2226; x_wconf 87' lang='lat' dir='ltr'><strong>re·</strong></span> <span class='ocrx_word' id='word_1_119' title='bbox 862 2174 935 2229; x_wconf 87' lang='lat' dir='ltr'><strong>diurn</strong></span> <span class='ocrx_word' id='word_1_120' title='bbox 945 2175 1026 2249; x_wconf 81' lang='lat' dir='ltr'><strong>magis</strong></span> <span class='ocrx_word' id='word_1_121' title='bbox 1037 2175 1158 2228; x_wconf 78' lang='lat' dir='ltr'><strong>convenit</strong></span> <span class='ocrx_word' id='word_1_122' title='bbox 1168 2174 1292 2226; x_wconf 77' lang='lat' dir='ltr'><strong>senectuti</strong></span> <span class='ocrx_word' id='word_1_123' title='bbox 1304 2194 1379 2245; x_wconf 83' lang='lat' dir='ltr'><strong>quam</strong></span> 
     </span>
     <span class='ocr_line' id='line_1_16' title="bbox 293 2251 1380 2328; baseline -0.006 -17"><span class='ocrx_word' id='word_1_124' title='bbox 293 2258 409 2328; x_wconf 73' lang='lat' dir='ltr'><strong>durique</strong></span> <span class='ocrx_word' id='word_1_125' title='bbox 422 2256 507 2326; x_wconf 87' lang='lat' dir='ltr'><strong>itaque</strong></span> <span class='ocrx_word' id='word_1_126' title='bbox 516 2266 629 2307; x_wconf 77' lang='lat' dir='ltr'><strong>veterem</strong></span> <span class='ocrx_word' id='word_1_127' title='bbox 639 2253 784 2306; x_wconf 88' lang='lat' dir='ltr'><strong>leetionem.</strong></span> <span class='ocrx_word' id='word_1_128' title='bbox 798 2272 812 2299; x_wconf 80' lang='lat' dir='ltr'><strong>e</strong></span> <span class='ocrx_word' id='word_1_129' title='bbox 862 2252 1039 2327; x_wconf 83' lang='lat' dir='ltr'><strong>philosophia:</strong></span> <span class='ocrx_word' id='word_1_130' title='bbox 1050 2272 1111 2305; x_wconf 86' lang='lat' dir='ltr'><strong>nam</strong></span> <span class='ocrx_word' id='word_1_131' title='bbox 1119 2251 1219 2306; x_wconf 85' lang='lat' dir='ltr'><strong>tamdiu</strong></span> <span class='ocrx_word' id='word_1_132' title='bbox 1228 2252 1380 2305; x_wconf 84' lang='lat' dir='ltr'><strong>discendum</strong></span> 
     </span>
     <span class='ocr_line' id='line_1_17' title="bbox 297 2329 1379 2405; baseline -0.003 -19"><span class='ocrx_word' id='word_1_133' title='bbox 297 2362 330 2377; x_wconf 92' lang='lat'><strong>-—</strong></span> <span class='ocrx_word' id='word_1_134' title='bbox 343 2335 486 2405; x_wconf 56' lang='lat' dir='ltr'><strong>Iaprunge</strong></span> <span class='ocrx_word' id='word_1_135' title='bbox 501 2344 600 2386; x_wconf 83' lang='lat' dir='ltr'><strong>secutus</strong></span> <span class='ocrx_word' id='word_1_136' title='bbox 618 2343 654 2384; x_wconf 87' lang='lat' dir='ltr'><strong>est</strong></span> <span class='ocrx_word' id='word_1_137' title='bbox 675 2331 812 2385; x_wconf 81' lang='lat' dir='ltr'><strong>lectionem</strong></span> <span class='ocrx_word' id='word_1_138' title='bbox 862 2344 900 2385; x_wconf 90' lang='lat' dir='ltr'><strong>est</strong></span> <span class='ocrx_word' id='word_1_139' title='bbox 912 2331 1130 2403; x_wconf 85' lang='lat' dir='ltr'><strong>quemadmodum</strong></span> <span class='ocrx_word' id='word_1_140' title='bbox 1143 2330 1214 2384; x_wconf 80' lang='lat' dir='ltr'><strong>visas</strong></span> <span class='ocrx_word' id='word_1_141' title='bbox 1230 2334 1239 2393; x_wconf 86' lang='lat'><strong>(</strong></span> <span class='ocrx_word' id='word_1_142' title='bbox 1248 2329 1319 2401; x_wconf 86' lang='lat' dir='ltr'><strong>quod</strong></span> <span class='ocrx_word' id='word_1_143' title='bbox 1332 2350 1379 2383; x_wconf 85' lang='lat' dir='ltr'><strong>uos</strong></span> 
     </span>
     <span class='ocr_line' id='line_1_18' title="bbox 298 2408 1369 2485; baseline -0.01 -17"><span class='ocrx_word' id='word_1_144' title='bbox 298 2416 405 2468; x_wconf 83' lang='lat' dir='ltr'><strong>dedecet</strong></span> <span class='ocrx_word' id='word_1_145' title='bbox 416 2412 461 2484; x_wconf 89' lang='lat' dir='ltr'><strong>qui</strong></span> <span class='ocrx_word' id='word_1_146' title='bbox 474 2408 565 2464; x_wconf 77' lang='lat' dir='ltr'><strong>vertit:</strong></span> <span class='ocrx_word' id='word_1_147' title='bbox 576 2408 670 2463; x_wconf 70' lang='lat' dir='ltr'><strong>Prusa</strong></span> <span class='ocrx_word' id='word_1_148' title='bbox 682 2408 755 2461; x_wconf 83' lang='lat' dir='ltr'><strong>Dieu</strong></span> <span class='ocrx_word' id='word_1_149' title='bbox 763 2426 814 2478; x_wconf 81' lang='lat' dir='ltr'><strong>qne</strong></span> <span class='ocrx_word' id='word_1_150' title='bbox 861 2408 1021 2485; x_wconf 82' lang='lat' dir='ltr'><strong>philosophia</strong></span> <span class='ocrx_word' id='word_1_151' title='bbox 1034 2410 1119 2478; x_wconf 88' lang='lat' dir='ltr'><strong>docet)</strong></span> <span class='ocrx_word' id='word_1_152' title='bbox 1131 2449 1138 2475; x_wconf 91' lang='lat'><strong>,</strong></span> <span class='ocrx_word' id='word_1_153' title='bbox 1152 2408 1277 2481; x_wconf 87' lang='lat' dir='ltr'><strong>quamdiu</strong></span> <span class='ocrx_word' id='word_1_154' title='bbox 1289 2408 1369 2460; x_wconf 83' lang='lat' dir='ltr'><strong>vivas.</strong></span> 
     </span>
     <span class='ocr_line' id='line_1_19' title="bbox 296 2485 1379 2559; baseline -0.006 -14"><span class='ocrx_word' id='word_1_155' title='bbox 296 2512 323 2545; x_wconf 82' lang='lat' dir='ltr'><strong>ec</strong></span> <span class='ocrx_word' id='word_1_156' title='bbox 334 2502 432 2545; x_wconf 72' lang='lat' dir='ltr'><strong>trusere</strong></span> <span class='ocrx_word' id='word_1_157' title='bbox 442 2528 450 2553; x_wconf 91' lang='lat'><strong>,</strong></span> <span class='ocrx_word' id='word_1_158' title='bbox 462 2494 489 2542; x_wconf 83' lang='lat' dir='ltr'><strong>si</strong></span> <span class='ocrx_word' id='word_1_159' title='bbox 497 2490 554 2542; x_wconf 82' lang='lat' dir='ltr'><strong>c’en</strong></span> <span class='ocrx_word' id='word_1_160' title='bbox 564 2494 648 2540; x_wconf 85' lang='lat' dir='ltr'><strong>estun</strong></span> <span class='ocrx_word' id='word_1_161' title='bbox 658 2486 718 2559; x_wconf 82' lang='lat' dir='ltr'><strong>,sdt</strong></span> <span class='ocrx_word' id='word_1_162' title='bbox 725 2488 813 2539; x_wconf 79' lang='lat' dir='ltr'><strong>teseut</strong></span> <span class='ocrx_word' id='word_1_163' title='bbox 894 2490 919 2541; x_wconf 80' lang='lat'><strong>5.</strong></span> <span class='ocrx_word' id='word_1_164' title='bbox 939 2488 1111 2541; x_wconf 82' lang='lat' dir='ltr'><strong>Metronactis</strong></span> <span class='ocrx_word' id='word_1_165' title='bbox 1121 2488 1275 2555; x_wconf 80' lang='lat' dir='ltr'><strong>petentibus.</strong></span> <span class='ocrx_word' id='word_1_166' title='bbox 1292 2485 1379 2539; x_wconf 80' lang='lat' dir='ltr'><strong>llubl.</strong></span> 
     </span>
     <span class='ocr_line' id='line_1_20' title="bbox 297 2562 1379 2635; baseline -0.012 -8"><span class='ocrx_word' id='word_1_167' title='bbox 297 2576 330 2627; x_wconf 87' lang='lat' dir='ltr'><strong>de</strong></span> <span class='ocrx_word' id='word_1_168' title='bbox 343 2592 389 2625; x_wconf 81' lang='lat' dir='ltr'><strong>ma</strong></span> <span class='ocrx_word' id='word_1_169' title='bbox 403 2568 552 2625; x_wconf 82' lang='lat' dir='ltr'><strong>vieillesse!</strong></span> <span class='ocrx_word' id='word_1_170' title='bbox 861 2562 944 2619; x_wconf 88' lang='lat' dir='ltr'><strong>edidit</strong></span> <span class='ocrx_word' id='word_1_171' title='bbox 955 2565 1018 2617; x_wconf 87' lang='lat' dir='ltr'><strong>Met.</strong></span> <span class='ocrx_word' id='word_1_172' title='bbox 1026 2568 1138 2633; x_wconf 80' lang='lat' dir='ltr'><strong>petenti:</strong></span> <span class='ocrx_word' id='word_1_173' title='bbox 1149 2562 1210 2630; x_wconf 91' lang='lat' dir='ltr'><strong>alii,</strong></span> <span class='ocrx_word' id='word_1_174' title='bbox 1222 2563 1324 2635; x_wconf 85' lang='lat' dir='ltr'><strong>iuquit,</strong></span> <span class='ocrx_word' id='word_1_175' title='bbox 1332 2582 1379 2631; x_wconf 79' lang='lat' dir='ltr'><strong>pe-</strong></span> 
     </span>
     <span class='ocr_line' id='line_1_21' title="bbox 334 2643 1378 2717; baseline -0.011 -13"><span class='ocrx_word' id='word_1_176' title='bbox 334 2671 354 2703; x_wconf 89' lang='lat'><strong>1.</strong></span> <span class='ocrx_word' id='word_1_177' title='bbox 362 2650 399 2703; x_wconf 87' lang='lat' dir='ltr'><strong>In</strong></span> <span class='ocrx_word' id='word_1_178' title='bbox 406 2651 452 2702; x_wconf 80' lang='lat' dir='ltr'><strong>hoc</strong></span> <span class='ocrx_word' id='word_1_179' title='bbox 462 2666 538 2702; x_wconf 82' lang='lat' dir='ltr'><strong>senes</strong></span> <span class='ocrx_word' id='word_1_180' title='bbox 547 2664 658 2710; x_wconf 82' lang='lat' dir='ltr'><strong>eamus,</strong></span> <span class='ocrx_word' id='word_1_181' title='bbox 672 2655 701 2696; x_wconf 88' lang='lat' dir='ltr'><strong>ut</strong></span> <span class='ocrx_word' id='word_1_182' title='bbox 706 2646 812 2710; x_wconf 75' lang='lat' dir='ltr'><strong>iuvenes</strong></span> <span class='ocrx_word' id='word_1_183' title='bbox 861 2646 951 2707; x_wconf 81' lang='lat' dir='ltr'><strong>tentis,</strong></span> <span class='ocrx_word' id='word_1_184' title='bbox 957 2650 1071 2712; x_wconf 81' lang='lat' dir='ltr'><strong>petentes</strong></span> <span class='ocrx_word' id='word_1_185' title='bbox 1079 2682 1086 2708; x_wconf 83' lang='lat'><strong>,</strong></span> <span class='ocrx_word' id='word_1_186' title='bbox 1093 2645 1240 2713; x_wconf 82' lang='lat' dir='ltr'><strong>petentibus</strong></span> <span class='ocrx_word' id='word_1_187' title='bbox 1251 2662 1292 2717; x_wconf 87' lang='lat' dir='ltr'><strong>ap.</strong></span> <span class='ocrx_word' id='word_1_188' title='bbox 1302 2643 1378 2695; x_wconf 86' lang='lat' dir='ltr'><strong>Grut.</strong></span> 
     </span>
     <span class='ocr_line' id='line_1_22' title="bbox 296 2723 1227 2799; baseline -0.009 -18"><span class='ocrx_word' id='word_1_189' title='bbox 296 2736 448 2796; x_wconf 81' lang='lat' dir='ltr'><strong>sequnntur.</strong></span> <span class='ocrx_word' id='word_1_190' title='bbox 470 2726 606 2799; x_wconf 72' lang='lat' dir='ltr'><strong>Perperene</strong></span> <span class='ocrx_word' id='word_1_191' title='bbox 626 2740 812 2788; x_wconf 79' lang='lat' dir='ltr'><strong>senescamus,</strong></span> <span class='ocrx_word' id='word_1_192' title='bbox 861 2724 1041 2793; x_wconf 83' lang='lat' dir='ltr'><strong>Muretumque</strong></span> <span class='ocrx_word' id='word_1_193' title='bbox 1054 2744 1083 2776; x_wconf 81' lang='lat' dir='ltr'><strong>ex</strong></span> <span class='ocrx_word' id='word_1_194' title='bbox 1093 2723 1227 2776; x_wconf 84' lang='lat' dir='ltr'><strong>Pinciano.</strong></span> 
     </span>
    </p>

    <p class='ocr_par' dir='ltr' id='par_1_9' title="bbox 281 2800 1382 3500">
     <span class='ocr_line' id='line_1_23' title="bbox 281 2800 1379 2878; baseline -0.007 -19"><span class='ocrx_word' id='word_1_195' title='bbox 281 2840 284 2845; x_wconf 97' lang='lat'>-</span> <span class='ocrx_word' id='word_1_196' title='bbox 298 2820 323 2859; x_wconf 91' lang='lat' dir='ltr'><strong>et</strong></span> <span class='ocrx_word' id='word_1_197' title='bbox 334 2823 491 2878; x_wconf 78' lang='lat' dir='ltr'><strong>sequamur,</strong></span> <span class='ocrx_word' id='word_1_198' title='bbox 507 2803 566 2860; x_wconf 88' lang='lat' dir='ltr'><strong>edd.</strong></span> <span class='ocrx_word' id='word_1_199' title='bbox 576 2802 663 2866; x_wconf 71' lang='lat' dir='ltr'><strong>mesti3</strong></span> <span class='ocrx_word' id='word_1_200' title='bbox 675 2801 743 2873; x_wconf 85' lang='lat' dir='ltr'><strong>quod</strong></span> <span class='ocrx_word' id='word_1_201' title='bbox 757 2820 813 2853; x_wconf 90' lang='lat' dir='ltr'><strong>nu·</strong></span> <span class='ocrx_word' id='word_1_202' title='bbox 894 2800 919 2853; x_wconf 90' lang='grc'><strong>6.</strong></span> <span class='ocrx_word' id='word_1_203' title='bbox 932 2802 1011 2853; x_wconf 77' lang='lat' dir='ltr'><strong>tttud</strong></span> <span class='ocrx_word' id='word_1_204' title='bbox 1028 2800 1174 2868; x_wconf 81' lang='lat' dir='ltr'><strong>(theatrum</strong></span> <span class='ocrx_word' id='word_1_205' title='bbox 1182 2800 1319 2868; x_wconf 78' lang='lat' dir='ltr'><strong>)sarctuns</strong></span> <span class='ocrx_word' id='word_1_206' title='bbox 1331 2808 1379 2852; x_wconf 84' lang='lat' dir='ltr'><strong>est.</strong></span> 
     </span>
     <span class='ocr_line' id='line_1_24' title="bbox 298 2875 1379 2956; baseline -0.006 -19"><span class='ocrx_word' id='word_1_207' title='bbox 298 2885 406 2956; x_wconf 86' lang='lat' dir='ltr'><strong>perrime</strong></span> <span class='ocrx_word' id='word_1_208' title='bbox 418 2884 523 2937; x_wconf 85' lang='lat' dir='ltr'><strong>demum</strong></span> <span class='ocrx_word' id='word_1_209' title='bbox 533 2882 561 2935; x_wconf 89' lang='lat' dir='ltr'><strong>in</strong></span> <span class='ocrx_word' id='word_1_210' title='bbox 572 2880 610 2933; x_wconf 87' lang='lat' dir='ltr'><strong>ed.</strong></span> <span class='ocrx_word' id='word_1_211' title='bbox 620 2878 739 2933; x_wconf 76' lang='lat' dir='ltr'><strong>tttauhtae</strong></span> <span class='ocrx_word' id='word_1_212' title='bbox 751 2897 814 2931; x_wconf 84' lang='lat' dir='ltr'><strong>cor·</strong></span> <span class='ocrx_word' id='word_1_213' title='bbox 862 2878 986 2942; x_wconf 84' lang='lat' dir='ltr'><strong>Plenum,</strong></span> <span class='ocrx_word' id='word_1_214' title='bbox 995 2878 1121 2951; x_wconf 85' lang='lat' dir='ltr'><strong>stipatum.</strong></span> <span class='ocrx_word' id='word_1_215' title='bbox 1132 2876 1221 2931; x_wconf 72' lang='lat' dir='ltr'><strong>sehw.</strong></span> <span class='ocrx_word' id='word_1_216' title='bbox 1229 2875 1325 2930; x_wconf 86' lang='lat' dir='ltr'><strong>omittit</strong></span> <span class='ocrx_word' id='word_1_217' title='bbox 1333 2877 1379 2930; x_wconf 82' lang='lat' dir='ltr'><strong>boc</strong></span> 
     </span>
     <span class='ocr_line' id='line_1_25' title="bbox 296 2956 1200 3030; baseline -0.011 -12"><span class='ocrx_word' id='word_1_218' title='bbox 296 2978 393 3018; x_wconf 75' lang='lat' dir='ltr'><strong>rectum</strong></span> <span class='ocrx_word' id='word_1_219' title='bbox 406 2982 436 3015; x_wconf 81' lang='lat' dir='ltr'><strong>er</strong></span> <span class='ocrx_word' id='word_1_220' title='bbox 445 2959 566 3017; x_wconf 84' lang='lat' dir='ltr'><strong>Scriverii</strong></span> <span class='ocrx_word' id='word_1_221' title='bbox 577 2959 683 3030; x_wconf 76' lang='lat' dir='ltr'><strong>conject.</strong></span> <span class='ocrx_word' id='word_1_222' title='bbox 699 2956 727 3010; x_wconf 87' lang='lat' dir='ltr'><strong>in</strong></span> <span class='ocrx_word' id='word_1_223' title='bbox 743 2956 813 3010; x_wconf 87' lang='lat' dir='ltr'><strong>hune</strong></span> <span class='ocrx_word' id='word_1_224' title='bbox 862 2956 932 3027; x_wconf 85' lang='lat' dir='ltr'><strong>quod</strong></span> <span class='ocrx_word' id='word_1_225' title='bbox 946 2956 1020 3009; x_wconf 92' lang='lat' dir='ltr'><strong>estin</strong></span> <span class='ocrx_word' id='word_1_226' title='bbox 1036 2956 1131 3029; x_wconf 81' lang='lat' dir='ltr'><strong>vulget.</strong></span> <span class='ocrx_word' id='word_1_227' title='bbox 1141 2956 1200 3009; x_wconf 89' lang='lat' dir='ltr'><strong>edd.</strong></span> 
     </span>
     <span class='ocr_line' id='line_1_26' title="bbox 297 3032 1379 3107; baseline -0.01 -12"><span class='ocrx_word' id='word_1_228' title='bbox 297 3043 419 3105; x_wconf 60' lang='lat' dir='ltr'><strong>numum,</strong></span> <span class='ocrx_word' id='word_1_229' title='bbox 439 3045 468 3093; x_wconf 82' lang='lat' dir='ltr'><strong>in</strong></span> <span class='ocrx_word' id='word_1_230' title='bbox 485 3040 553 3093; x_wconf 77' lang='lat' dir='ltr'><strong>hanc</strong></span> <span class='ocrx_word' id='word_1_231' title='bbox 570 3057 642 3091; x_wconf 84' lang='lat' dir='ltr'><strong>senes</strong></span> <span class='ocrx_word' id='word_1_232' title='bbox 661 3055 769 3096; x_wconf 82' lang='lat' dir='ltr'><strong>eumne,</strong></span> <span class='ocrx_word' id='word_1_233' title='bbox 785 3044 815 3087; x_wconf 86' lang='lat' dir='ltr'><strong>nt</strong></span> <span class='ocrx_word' id='word_1_234' title='bbox 896 3034 1070 3104; x_wconf 80' lang='lat' dir='ltr'><strong>7.Pytlsautes</strong></span> <span class='ocrx_word' id='word_1_235' title='bbox 1080 3032 1379 3107; x_wconf 79' lang='lat' dir='ltr'><strong>eorresitllubl.llnlgo</strong></span> 
     </span>
     <span class='ocr_line' id='line_1_27' title="bbox 291 3112 1380 3189; baseline -0.006 -18"><span class='ocrx_word' id='word_1_236' title='bbox 291 3120 350 3189; x_wconf 79' lang='lat' dir='ltr'><strong>jue.</strong></span> <span class='ocrx_word' id='word_1_237' title='bbox 359 3130 509 3188; x_wconf 74' lang='lat' dir='ltr'><strong>sequnntur.</strong></span> <span class='ocrx_word' id='word_1_238' title='bbox 522 3118 636 3188; x_wconf 75' lang='lat' dir='ltr'><strong>Atperse</strong></span> <span class='ocrx_word' id='word_1_239' title='bbox 645 3112 813 3186; x_wconf 74' lang='lat' dir='ltr'><strong>intelligebas·</strong></span> <span class='ocrx_word' id='word_1_240' title='bbox 859 3113 1012 3181; x_wconf 78' lang='lat' dir='ltr'><strong>pithonles,·</strong></span> <span class='ocrx_word' id='word_1_241' title='bbox 1025 3114 1070 3166; x_wconf 87' lang='lat' dir='ltr'><strong>sed</strong></span> <span class='ocrx_word' id='word_1_242' title='bbox 1085 3113 1227 3185; x_wconf 75' lang='lat' dir='ltr'><strong>pythaules</strong></span> <span class='ocrx_word' id='word_1_243' title='bbox 1240 3114 1300 3183; x_wconf 74' lang='lat' dir='ltr'><strong>Arg.</strong></span> <span class='ocrx_word' id='word_1_244' title='bbox 1313 3114 1338 3164; x_wconf 83' lang='lat' dir='ltr'><strong>b.</strong></span> <span class='ocrx_word' id='word_1_245' title='bbox 1354 3126 1380 3165; x_wconf 82' lang='lat' dir='ltr'><strong>et</strong></span> 
     </span>
     <span class='ocr_line' id='line_1_28' title="bbox 297 3188 1381 3260; baseline -0.006 -12"><span class='ocrx_word' id='word_1_246' title='bbox 297 3211 340 3249; x_wconf 90' lang='lat' dir='ltr'><strong>tur</strong></span> <span class='ocrx_word' id='word_1_247' title='bbox 352 3215 461 3260; x_wconf 83' lang='lat' dir='ltr'><strong>eamus,</strong></span> <span class='ocrx_word' id='word_1_248' title='bbox 474 3196 526 3248; x_wconf 83' lang='lat' dir='ltr'><strong>scil.</strong></span> <span class='ocrx_word' id='word_1_249' title='bbox 544 3199 573 3246; x_wconf 88' lang='lat' dir='ltr'><strong>in</strong></span> <span class='ocrx_word' id='word_1_250' title='bbox 584 3193 701 3249; x_wconf 77' lang='lat' dir='ltr'><strong>scholam</strong></span> <span class='ocrx_word' id='word_1_251' title='bbox 712 3211 720 3244; x_wconf 88' lang='lat'><em>:</em></span> <span class='ocrx_word' id='word_1_252' title='bbox 731 3190 813 3242; x_wconf 85' lang='lat' dir='ltr'><strong>teneri</strong></span> <span class='ocrx_word' id='word_1_253' title='bbox 863 3188 916 3240; x_wconf 82' lang='lat' dir='ltr'><strong>Pal.</strong></span> <span class='ocrx_word' id='word_1_254' title='bbox 932 3208 945 3240; x_wconf 76' lang='lat' dir='ltr'><strong>a</strong></span> <span class='ocrx_word' id='word_1_255' title='bbox 957 3226 964 3253; x_wconf 92' lang='lat'><strong>,</strong></span> <span class='ocrx_word' id='word_1_256' title='bbox 974 3193 1094 3258; x_wconf 78' lang='lat' dir='ltr'><strong>pitonius</strong></span> <span class='ocrx_word' id='word_1_257' title='bbox 1105 3190 1144 3241; x_wconf 89' lang='lat' dir='ltr'><strong>ed.</strong></span> <span class='ocrx_word' id='word_1_258' title='bbox 1154 3190 1191 3240; x_wconf 79' lang='lat' dir='ltr'><strong>Ii.</strong></span> <span class='ocrx_word' id='word_1_259' title='bbox 1204 3188 1381 3259; x_wconf 59' lang='lat' dir='ltr'><strong>Scin-Ps-</strong></span> 
     </span>
     <span class='ocr_line' id='line_1_29' title="bbox 297 3268 1382 3343; baseline -0.006 -16"><span class='ocrx_word' id='word_1_260' title='bbox 297 3286 383 3327; x_wconf 86' lang='lat' dir='ltr'><strong>antem</strong></span> <span class='ocrx_word' id='word_1_261' title='bbox 398 3274 483 3327; x_wconf 87' lang='lat' dir='ltr'><strong>debuit</strong></span> <span class='ocrx_word' id='word_1_262' title='bbox 496 3271 597 3335; x_wconf 79' lang='lat' dir='ltr'><strong>initae,</strong></span> <span class='ocrx_word' id='word_1_263' title='bbox 616 3268 746 3323; x_wconf 75' lang='lat' dir='ltr'><strong>familiaris</strong></span> <span class='ocrx_word' id='word_1_264' title='bbox 762 3268 813 3319; x_wconf 82' lang='lat' dir='ltr'><strong>Se·</strong></span> <span class='ocrx_word' id='word_1_265' title='bbox 864 3270 967 3322; x_wconf 73' lang='lat' dir='ltr'><strong>theretes</strong></span> <span class='ocrx_word' id='word_1_266' title='bbox 979 3270 1087 3333; x_wconf 83' lang='lat' dir='ltr'><strong>tibicen,</strong></span> <span class='ocrx_word' id='word_1_267' title='bbox 1098 3270 1142 3339; x_wconf 87' lang='lat' dir='ltr'><strong>qui</strong></span> <span class='ocrx_word' id='word_1_268' title='bbox 1152 3268 1254 3343; x_wconf 77' lang='lat' dir='ltr'><strong>proprie</strong></span> <span class='ocrx_word' id='word_1_269' title='bbox 1268 3270 1382 3322; x_wconf 81' lang='lat' dir='ltr'><strong>ineerta·</strong></span> 
     </span>
     <span class='ocr_line' id='line_1_30' title="bbox 298 3347 1380 3422; baseline -0.006 -17"><span class='ocrx_word' id='word_1_270' title='bbox 298 3372 367 3407; x_wconf 73' lang='lat' dir='ltr'><strong>nece</strong></span> <span class='ocrx_word' id='word_1_271' title='bbox 377 3352 501 3416; x_wconf 73' lang='lat' dir='ltr'><strong>formula,</strong></span> <span class='ocrx_word' id='word_1_272' title='bbox 519 3349 587 3403; x_wconf 88' lang='lat' dir='ltr'><strong>idem</strong></span> <span class='ocrx_word' id='word_1_273' title='bbox 599 3348 687 3400; x_wconf 84' lang='lat' dir='ltr'><strong>valens</strong></span> <span class='ocrx_word' id='word_1_274' title='bbox 699 3366 728 3399; x_wconf 85' lang='lat' dir='ltr'><strong>ac</strong></span> <span class='ocrx_word' id='word_1_275' title='bbox 744 3366 813 3415; x_wconf 84' lang='lat' dir='ltr'><strong>pro·</strong></span> <span class='ocrx_word' id='word_1_276' title='bbox 865 3347 932 3399; x_wconf 86' lang='lat' dir='ltr'><strong>ruine</strong></span> <span class='ocrx_word' id='word_1_277' title='bbox 944 3348 1040 3400; x_wconf 87' lang='lat' dir='ltr'><strong>musico</strong></span> <span class='ocrx_word' id='word_1_278' title='bbox 1052 3366 1163 3422; x_wconf 74' lang='lat' dir='ltr'><strong>pugnam</strong></span> <span class='ocrx_word' id='word_1_279' title='bbox 1178 3347 1307 3420; x_wconf 78' lang='lat' dir='ltr'><strong>Apollinis</strong></span> <span class='ocrx_word' id='word_1_280' title='bbox 1320 3366 1380 3401; x_wconf 85' lang='lat' dir='ltr'><strong>eum</strong></span> 
     </span>
     <span class='ocr_line' id='line_1_31' title="bbox 295 3424 1380 3500; baseline -0.006 -16"><span class='ocrx_word' id='word_1_281' title='bbox 295 3435 430 3500; x_wconf 68' lang='lat' dir='ltr'><strong>pterim,</strong></span> <span class='ocrx_word' id='word_1_282' title='bbox 444 3425 708 3484; x_wconf 55' lang='lat' dir='ltr'><strong>toccomtttooctoe.</strong></span> <span class='ocrx_word' id='word_1_283' title='bbox 863 3436 977 3495; x_wconf 75' lang='lat' dir='ltr'><strong>serpente</strong></span> <span class='ocrx_word' id='word_1_284' title='bbox 1002 3424 1121 3497; x_wconf 81' lang='lat' dir='ltr'><strong>Pythone</strong></span> <span class='ocrx_word' id='word_1_285' title='bbox 1146 3425 1272 3490; x_wconf 80' lang='lat' dir='ltr'><strong>canebat,</strong></span> <span class='ocrx_word' id='word_1_286' title='bbox 1301 3445 1380 3496; x_wconf 84' lang='lat' dir='ltr'><strong>quem</strong></span> 
     </span>
    </p>

    <p class='ocr_par' dir='ltr' id='par_1_10' title="bbox 334 3500 1382 3578">
     <span class='ocr_line' id='line_1_32' title="bbox 334 3500 1382 3578; baseline -0.002 -19"><span class='ocrx_word' id='word_1_287' title='bbox 334 3528 357 3559; x_wconf 65' lang='grc' dir='ltr'><strong>α.</strong></span> <span class='ocrx_word' id='word_1_288' title='bbox 369 3508 429 3561; x_wconf 83' lang='lat' dir='ltr'><strong>Par</strong></span> <span class='ocrx_word' id='word_1_289' title='bbox 437 3526 470 3559; x_wconf 89' lang='lat' dir='ltr'><strong>se.</strong></span> <span class='ocrx_word' id='word_1_290' title='bbox 484 3503 662 3578; x_wconf 77' lang='lat' dir='ltr'><strong>gladiatorum.</strong></span> <span class='ocrx_word' id='word_1_291' title='bbox 677 3500 768 3553; x_wconf 74' lang='lat' dir='ltr'><strong>ttutt.</strong></span> <span class='ocrx_word' id='word_1_292' title='bbox 864 3501 1011 3574; x_wconf 81' lang='lat' dir='ltr'><strong>Apollinem</strong></span> <span class='ocrx_word' id='word_1_293' title='bbox 1024 3514 1113 3572; x_wconf 84' lang='lat' dir='ltr'><strong>quarta</strong></span> <span class='ocrx_word' id='word_1_294' title='bbox 1125 3522 1140 3555; x_wconf 86' lang='lat' dir='ltr'><strong>a</strong></span> <span class='ocrx_word' id='word_1_295' title='bbox 1150 3502 1277 3557; x_wconf 82' lang='lat' dir='ltr'><strong>natalibus</strong></span> <span class='ocrx_word' id='word_1_296' title='bbox 1289 3504 1332 3557; x_wconf 89' lang='lat' dir='ltr'><strong>die</strong></span> <span class='ocrx_word' id='word_1_297' title='bbox 1341 3524 1382 3557; x_wconf 83' lang='lat' dir='ltr'><strong>sa·-</strong></span> 
     </span>
    </p>

    <p class='ocr_par' dir='ltr' id='par_1_11' title="bbox 299 3578 1382 4052">
     <span class='ocr_line' id='line_1_33' title="bbox 333 3578 1380 3654; baseline -0.004 -16"><span class='ocrx_word' id='word_1_298' title='bbox 333 3585 359 3637; x_wconf 79' lang='lat'><strong>3.</strong></span> <span class='ocrx_word' id='word_1_299' title='bbox 370 3584 510 3637; x_wconf 74' lang='lat' dir='ltr'><strong>t’meertto</strong></span> <span class='ocrx_word' id='word_1_300' title='bbox 529 3583 580 3654; x_wconf 76' lang='lat' dir='ltr'><strong>jam</strong></span> <span class='ocrx_word' id='word_1_301' title='bbox 598 3578 668 3649; x_wconf 81' lang='lat' dir='ltr'><strong>apud</strong></span> <span class='ocrx_word' id='word_1_302' title='bbox 688 3578 813 3631; x_wconf 86' lang='lat' dir='ltr'><strong>Solonem</strong></span> <span class='ocrx_word' id='word_1_303' title='bbox 864 3580 933 3653; x_wconf 76' lang='lat' dir='ltr'><strong>gittis</strong></span> <span class='ocrx_word' id='word_1_304' title='bbox 945 3580 1098 3633; x_wconf 75' lang='lat' dir='ltr'><strong>interfecisse</strong></span> <span class='ocrx_word' id='word_1_305' title='bbox 1110 3619 1117 3645; x_wconf 92' lang='lat'><strong>,</strong></span> <span class='ocrx_word' id='word_1_306' title='bbox 1130 3580 1240 3653; x_wconf 86' lang='lat' dir='ltr'><strong>ideoque</strong></span> <span class='ocrx_word' id='word_1_307' title='bbox 1251 3595 1380 3635; x_wconf 76' lang='lat' dir='ltr'><strong>auctorem</strong></span> 
     </span>
     <span class='ocr_line' id='line_1_34' title="bbox 299 3656 1378 3734; baseline -0.006 -16"><span class='ocrx_word' id='word_1_308' title='bbox 299 3665 389 3718; x_wconf 82' lang='lat' dir='ltr'><strong>obvio:</strong></span> <span class='ocrx_word' id='word_1_309' title='bbox 399 3666 511 3734; x_wconf 73' lang='lat' dir='ltr'><strong>tnpdm</strong></span> <span class='ocrx_word' id='word_1_310' title='bbox 521 3664 544 3716; x_wconf 68' lang='grc' dir='ltr'><strong>δ’</strong></span> <span class='ocrx_word' id='word_1_311' title='bbox 555 3664 601 3715; x_wconf 79' lang='lat' dir='ltr'><strong>elel</strong></span> <span class='ocrx_word' id='word_1_312' title='bbox 612 3664 692 3713; x_wconf 75' lang='lat' dir='ltr'><strong>nullis</strong></span> <span class='ocrx_word' id='word_1_313' title='bbox 702 3660 815 3713; x_wconf 63' lang='lat' dir='ltr'><strong>tatmt·</strong></span> <span class='ocrx_word' id='word_1_314' title='bbox 863 3657 968 3711; x_wconf 77' lang='lat' dir='ltr'><strong>culturae</strong></span> <span class='ocrx_word' id='word_1_315' title='bbox 985 3656 1052 3722; x_wconf 87' lang='lat' dir='ltr'><strong>loci,</strong></span> <span class='ocrx_word' id='word_1_316' title='bbox 1079 3656 1176 3711; x_wconf 83' lang='lat' dir='ltr'><strong>oraculi</strong></span> <span class='ocrx_word' id='word_1_317' title='bbox 1199 3672 1224 3711; x_wconf 86' lang='lat' dir='ltr'><strong>et</strong></span> <span class='ocrx_word' id='word_1_318' title='bbox 1245 3659 1359 3711; x_wconf 81' lang='lat' dir='ltr'><strong>nominis</strong></span> <span class='ocrx_word' id='word_1_319' title='bbox 1370 3700 1378 3727; x_wconf 85' lang='lat'>‚</span> 
     </span>
     <span class='ocr_line' id='line_1_35' title="bbox 299 3735 1381 3817; baseline -0.003 -23"><span class='ocrx_word' id='word_1_320' title='bbox 299 3764 378 3811; x_wconf 71' lang='grc' dir='ltr'><strong>μενος,</strong></span> <span class='ocrx_word' id='word_1_321' title='bbox 391 3762 431 3817; x_wconf 85' lang='lat' dir='ltr'><strong>ap.</strong></span> <span class='ocrx_word' id='word_1_322' title='bbox 440 3742 539 3794; x_wconf 84' lang='lat' dir='ltr'><strong>Platon.</strong></span> <span class='ocrx_word' id='word_1_323' title='bbox 548 3740 614 3814; x_wconf 86' lang='lat' dir='ltr'><strong>Opp.</strong></span> <span class='ocrx_word' id='word_1_324' title='bbox 622 3735 669 3791; x_wconf 86' lang='lat' dir='ltr'><strong>To.</strong></span> <span class='ocrx_word' id='word_1_325' title='bbox 682 3739 706 3791; x_wconf 92' lang='lat' dir='ltr'><strong>ll</strong></span> <span class='ocrx_word' id='word_1_326' title='bbox 717 3774 725 3802; x_wconf 94' lang='lat'><strong>,</strong></span> <span class='ocrx_word' id='word_1_327' title='bbox 735 3758 759 3811; x_wconf 89' lang='lat' dir='ltr'><strong>p.</strong></span> <span class='ocrx_word' id='word_1_328' title='bbox 771 3736 812 3803; x_wconf 78' lang='lat'><strong>32,</strong></span> <span class='ocrx_word' id='word_1_329' title='bbox 863 3737 954 3807; x_wconf 86' lang='lat' dir='ltr'><strong>quibus</strong></span> <span class='ocrx_word' id='word_1_330' title='bbox 965 3736 1009 3789; x_wconf 82' lang='lat' dir='ltr'><strong>illa</strong></span> <span class='ocrx_word' id='word_1_331' title='bbox 1022 3736 1081 3789; x_wconf 88' lang='lat' dir='ltr'><strong>urbs</strong></span> <span class='ocrx_word' id='word_1_332' title='bbox 1094 3736 1197 3811; x_wconf 82' lang='lat' dir='ltr'><strong>Pytbo,</strong></span> <span class='ocrx_word' id='word_1_333' title='bbox 1213 3752 1299 3811; x_wconf 80' lang='lat' dir='ltr'><strong>postea</strong></span> <span class='ocrx_word' id='word_1_334' title='bbox 1309 3739 1381 3792; x_wconf 84' lang='lat' dir='ltr'><strong>Del-</strong></span> 
     </span>
     <span class='ocr_line' id='line_1_36' title="bbox 301 3813 1380 3894; baseline -0.004 -21"><span class='ocrx_word' id='word_1_335' title='bbox 301 3820 352 3894; x_wconf 86' lang='lat' dir='ltr'><strong>bip.</strong></span> <span class='ocrx_word' id='word_1_336' title='bbox 364 3821 432 3873; x_wconf 83' lang='lat' dir='ltr'><strong>Plnt.</strong></span> <span class='ocrx_word' id='word_1_337' title='bbox 443 3819 534 3873; x_wconf 86' lang='lat' dir='ltr'><strong>Solon.</strong></span> <span class='ocrx_word' id='word_1_338' title='bbox 547 3839 570 3893; x_wconf 89' lang='lat' dir='ltr'><strong>p.</strong></span> <span class='ocrx_word' id='word_1_339' title='bbox 581 3818 622 3887; x_wconf 95' lang='grc'><strong>96.</strong></span> <span class='ocrx_word' id='word_1_340' title='bbox 634 3818 664 3869; x_wconf 76' lang='grc' dir='ltr'><strong>Ε.</strong></span> <span class='ocrx_word' id='word_1_341' title='bbox 675 3818 741 3869; x_wconf 82' lang='lat' dir='ltr'><strong>Frel.</strong></span> <span class='ocrx_word' id='word_1_342' title='bbox 760 3818 814 3869; x_wconf 85' lang='lat' dir='ltr'><strong>Se·</strong></span> <span class='ocrx_word' id='word_1_343' title='bbox 862 3813 906 3889; x_wconf 88' lang='lat' dir='ltr'><strong>phi</strong></span> <span class='ocrx_word' id='word_1_344' title='bbox 915 3852 922 3879; x_wconf 95' lang='lat'><strong>,</strong></span> <span class='ocrx_word' id='word_1_345' title='bbox 932 3814 1065 3877; x_wconf 82' lang='lat' dir='ltr'><strong>inclaruit,</strong></span> <span class='ocrx_word' id='word_1_346' title='bbox 1076 3816 1168 3867; x_wconf 85' lang='lat' dir='ltr'><strong>lactum</strong></span> <span class='ocrx_word' id='word_1_347' title='bbox 1176 3834 1240 3882; x_wconf 83' lang='lat' dir='ltr'><strong>esse,</strong></span> <span class='ocrx_word' id='word_1_348' title='bbox 1252 3816 1380 3871; x_wconf 77' lang='lat' dir='ltr'><strong>tradidere</strong></span> 
     </span>
     <span class='ocr_line' id='line_1_37' title="bbox 301 3890 1381 3967; baseline -0.006 -15"><span class='ocrx_word' id='word_1_349' title='bbox 301 3918 377 3952; x_wconf 74' lang='lat' dir='ltr'><strong>nosco</strong></span> <span class='ocrx_word' id='word_1_350' title='bbox 396 3898 476 3951; x_wconf 90' lang='lat' dir='ltr'><strong>multa</strong></span> <span class='ocrx_word' id='word_1_351' title='bbox 493 3896 636 3951; x_wconf 83' lang='lat' dir='ltr'><strong>addiscens.</strong></span> <span class='ocrx_word' id='word_1_352' title='bbox 658 3894 697 3947; x_wconf 80' lang='lat' dir='ltr'><strong>Cf.</strong></span> <span class='ocrx_word' id='word_1_353' title='bbox 712 3891 812 3947; x_wconf 78' lang='lat' dir='ltr'><strong>Erasmi</strong></span> <span class='ocrx_word' id='word_1_354' title='bbox 862 3904 967 3945; x_wconf 79' lang='lat' dir='ltr'><strong>veteres.</strong></span> <span class='ocrx_word' id='word_1_355' title='bbox 976 3890 1158 3965; x_wconf 70' lang='lat' dir='ltr'><strong>Cispanlreru.</strong></span> <span class='ocrx_word' id='word_1_356' title='bbox 1169 3892 1204 3944; x_wconf 88' lang='lat' dir='ltr'><strong>ad</strong></span> <span class='ocrx_word' id='word_1_357' title='bbox 1214 3894 1318 3946; x_wconf 79' lang='lat' dir='ltr'><strong>Gallim.</strong></span> <span class='ocrx_word' id='word_1_358' title='bbox 1328 3894 1381 3967; x_wconf 72' lang='lat' dir='ltr'><strong>Hy.</strong></span> 
     </span>
     <span class='ocr_line' id='line_1_38' title="bbox 301 3970 1382 4052; baseline -0.005 -20"><span class='ocrx_word' id='word_1_359' title='bbox 301 3977 383 4052; x_wconf 71' lang='lat' dir='ltr'><strong>Adag.</strong></span> <span class='ocrx_word' id='word_1_360' title='bbox 396 3976 465 4029; x_wconf 87' lang='lat' dir='ltr'><strong>Cbil.</strong></span> <span class='ocrx_word' id='word_1_361' title='bbox 476 3978 495 4029; x_wconf 93' lang='lat' dir='ltr'><strong>l.</strong></span> <span class='ocrx_word' id='word_1_362' title='bbox 508 3974 580 4027; x_wconf 83' lang='lat' dir='ltr'><strong>Ceut.</strong></span> <span class='ocrx_word' id='word_1_363' title='bbox 592 3974 673 4038; x_wconf 79' lang='lat' dir='ltr'><strong>lllll,</strong></span> <span class='ocrx_word' id='word_1_364' title='bbox 684 3972 737 4025; x_wconf 72' lang='lat' dir='ltr'><strong>LX.</strong></span> <span class='ocrx_word' id='word_1_365' title='bbox 751 3972 786 4025; x_wconf 80' lang='lat' dir='ltr'><strong>lt</strong></span> <span class='ocrx_word' id='word_1_366' title='bbox 862 3972 889 4023; x_wconf 88' lang='lat' dir='ltr'><strong>iu</strong></span> <span class='ocrx_word' id='word_1_367' title='bbox 899 3970 984 4044; x_wconf 81' lang='lat' dir='ltr'><strong>Apoll.</strong></span> <span class='ocrx_word' id='word_1_368' title='bbox 998 3990 1052 4024; x_wconf 84' lang='lat' dir='ltr'><strong>rot.</strong></span> <span class='ocrx_word' id='word_1_369' title='bbox 1065 3970 1196 4025; x_wconf 80' lang='lat' dir='ltr'><strong>Translata</strong></span> <span class='ocrx_word' id='word_1_370' title='bbox 1211 3973 1272 4027; x_wconf 89' lang='lat' dir='ltr'><strong>iude</strong></span> <span class='ocrx_word' id='word_1_371' title='bbox 1284 3996 1332 4027; x_wconf 81' lang='lat' dir='ltr'><strong>vos</strong></span> <span class='ocrx_word' id='word_1_372' title='bbox 1344 3986 1382 4027; x_wconf 85' lang='lat' dir='ltr'><strong>est</strong></span> 
     </span>
    </p>

    <p class='ocr_par' dir='ltr' id='par_1_12' title="bbox 300 4048 1380 4285">
     <span class='ocr_line' id='line_1_39' title="bbox 334 4048 1380 4122; baseline -0.004 -13"><span class='ocrx_word' id='word_1_373' title='bbox 334 4055 737 4122; x_wconf 72' lang='lat' dir='ltr'><strong>4.Necu11ibocreim.c.quom</strong></span> <span class='ocrx_word' id='word_1_374' title='bbox 748 4052 813 4105; x_wconf 72' lang='lat' dir='ltr'><strong>bric.</strong></span> <span class='ocrx_word' id='word_1_375' title='bbox 863 4049 896 4101; x_wconf 85' lang='lat' dir='ltr'><strong>ad</strong></span> <span class='ocrx_word' id='word_1_376' title='bbox 915 4048 972 4101; x_wconf 87' lang='lat' dir='ltr'><strong>illos</strong></span> <span class='ocrx_word' id='word_1_377' title='bbox 989 4049 1121 4116; x_wconf 82' lang='lat' dir='ltr'><strong>tibicines,</strong></span> <span class='ocrx_word' id='word_1_378' title='bbox 1136 4049 1181 4120; x_wconf 85' lang='lat' dir='ltr'><strong>qui</strong></span> <span class='ocrx_word' id='word_1_379' title='bbox 1202 4051 1231 4103; x_wconf 89' lang='lat' dir='ltr'><strong>in</strong></span> <span class='ocrx_word' id='word_1_380' title='bbox 1248 4054 1380 4107; x_wconf 79' lang='lat' dir='ltr'><strong>cosuoediis</strong></span> 
     </span>
     <span class='ocr_line' id='line_1_40' title="bbox 301 4130 1380 4204; baseline 0.001 -19"><span class='ocrx_word' id='word_1_381' title='bbox 301 4136 351 4186; x_wconf 86' lang='lat' dir='ltr'><strong>lnt.</strong></span> <span class='ocrx_word' id='word_1_382' title='bbox 360 4153 408 4185; x_wconf 87' lang='lat' dir='ltr'><strong>nee</strong></span> <span class='ocrx_word' id='word_1_383' title='bbox 418 4133 464 4185; x_wconf 78' lang='lat' dir='ltr'><strong>hoe</strong></span> <span class='ocrx_word' id='word_1_384' title='bbox 478 4132 574 4184; x_wconf 85' lang='lat' dir='ltr'><strong>seilicet</strong></span> <span class='ocrx_word' id='word_1_385' title='bbox 586 4131 749 4204; x_wconf 79' lang='lat' dir='ltr'><strong>proverbium</strong></span> <span class='ocrx_word' id='word_1_386' title='bbox 767 4130 814 4181; x_wconf 90' lang='lat' dir='ltr'><strong>ulli</strong></span> <span class='ocrx_word' id='word_1_387' title='bbox 863 4130 1040 4203; x_wconf 75' lang='lat' dir='ltr'><strong>tragoediisque</strong></span> <span class='ocrx_word' id='word_1_388' title='bbox 1051 4132 1190 4195; x_wconf 78' lang='lat' dir='ltr'><strong>canebant,</strong></span> <span class='ocrx_word' id='word_1_389' title='bbox 1203 4134 1250 4202; x_wconf 85' lang='lat' dir='ltr'><strong>qui</strong></span> <span class='ocrx_word' id='word_1_390' title='bbox 1262 4135 1290 4187; x_wconf 92' lang='lat' dir='ltr'><strong>in</strong></span> <span class='ocrx_word' id='word_1_391' title='bbox 1299 4134 1380 4187; x_wconf 88' lang='lat' dir='ltr'><strong>bono-</strong></span> 
     </span>
     <span class='ocr_line' id='line_1_41' title="bbox 300 4207 1379 4285; baseline -0.002 -20"><span class='ocrx_word' id='word_1_392' title='bbox 300 4213 383 4285; x_wconf 76' lang='lat' dir='ltr'><strong>magis</strong></span> <span class='ocrx_word' id='word_1_393' title='bbox 393 4211 430 4263; x_wconf 89' lang='lat' dir='ltr'><strong>rei</strong></span> <span class='ocrx_word' id='word_1_394' title='bbox 441 4211 561 4263; x_wconf 83' lang='lat' dir='ltr'><strong>convenit</strong></span> <span class='ocrx_word' id='word_1_395' title='bbox 576 4228 653 4279; x_wconf 84' lang='lat' dir='ltr'><strong>quam</strong></span> <span class='ocrx_word' id='word_1_396' title='bbox 666 4210 736 4271; x_wconf 82' lang='lat' dir='ltr'><strong>huic,</strong></span> <span class='ocrx_word' id='word_1_397' title='bbox 748 4207 814 4259; x_wconf 81' lang='lat' dir='ltr'><strong>scili·</strong></span> <span class='ocrx_word' id='word_1_398' title='bbox 863 4228 916 4259; x_wconf 86' lang='lat' dir='ltr'><strong>rem</strong></span> <span class='ocrx_word' id='word_1_399' title='bbox 938 4210 1051 4261; x_wconf 83' lang='lat' dir='ltr'><strong>Deorum</strong></span> <span class='ocrx_word' id='word_1_400' title='bbox 1070 4208 1144 4263; x_wconf 84' lang='lat' dir='ltr'><strong>tibias</strong></span> <span class='ocrx_word' id='word_1_401' title='bbox 1160 4210 1309 4275; x_wconf 83' lang='lat' dir='ltr'><strong>inflabant,</strong></span> <span class='ocrx_word' id='word_1_402' title='bbox 1328 4225 1379 4269; x_wconf 84' lang='lat' dir='ltr'><strong>etc.</strong></span> 
     </span>
    </p>
   </div>
   <div class='ocr_carea' id='block_1_6' title="bbox 0 0 1492 4992">
    <p class='ocr_par' dir='ltr' id='par_1_13' title="bbox 0 0 1492 4992">
     <span class='ocr_line' id='line_1_42' title="bbox 0 0 1492 4992; baseline 0 0"><span class='ocrx_word' id='word_1_403' title='bbox 0 0 1492 4992; x_wconf 95' lang='lat' dir='ltr'><strong> </strong></span> 
     </span>
    </p>
   </div>
  </div>
 </body>
</html>
