2975 4992
345 479 411 565 sor
627 481 667 546 n.
693 473 873 544 ANNAEI
896 472 1109 544 sannen

343 635 422 692 nes,
446 608 506 677 illo
525 629 661 675 necesse
690 622 761 691 est,
788 605 880 673 undc
907 602 1022 674 redire
1047 628 1117 674 non
1138 619 1191 673 cst
1210 629 1403 676 necesse.»

342 725 447 793 Vides
463 749 564 818 quam
580 722 722 815 simplex
739 736 774 790 et
792 720 972 812 imperiosa
990 721 1107 788 Virtus
1123 721 1180 788 sit.
1195 721 1314 814 Quem
1326 747 1406 790 mor

220 861 228 872 ·
343 840 459 910 talium
478 839 809 931 circumscriptiones
824 852 943 904 vestra
959 836 1132 904 fortiorem
1154 838 1290 920 lacere,
1310 861 1405 929 quem

285 989 317 1043 ‚3
343 956 541 1023 erectiorem
565 967 703 1047 possunt
717 953 732 1020 i
748 953 927 1044 Frangunt
952 951 1123 1036 animum,
1151 953 1212 1044 qui
1234 975 1404 1044 nunquam

343 1070 454 1137 minus
465 1065 717 1135 contrahendus
733 1080 802 1150 est,
820 1080 855 1133 et
872 1066 911 1133 in
924 1067 1055 1135 minuta
1069 1091 1110 1135 ac
1126 1067 1263 1159 spinosa
1279 1090 1405 1160 cugm-

342 1181 427 1269 dus,
447 1206 548 1276 quam
565 1205 669 1274 quum
687 1181 819 1271 aliquid
837 1179 965 1274 grande
981 1183 1232 1274 componitur¹.
1246 1185 1328 1251 Non
1340 1199 1406 1250 tre·

341 1301 485 1382 centis²,
520 1297 580 1366 sed
605 1296 761 1364 omnibus
787 1297 985 1365 mortalibus
1011 1299 1128 1366 mortis
1150 1300 1252 1366 timor
1274 1297 1405 1366 detrahi

341 1409 454 1480 dcbct.
469 1409 647 1503 Quomodo
664 1409 738 1479 illos
759 1404 895 1496 doces³,
912 1410 1037 1479 malum
1049 1435 1117 1478 non
1130 1413 1228 1479 esse?
1240 1411 1405 1504 quomodo

341 1527 518 1618 opiniones
531 1524 635 1593 totius
652 1523 737 1607 arvi,
759 1522 884 1616 quibus
898 1523 1053 1616 protinus
1069 1521 1212 1593 infantia
1227 1525 1402 1606 imbuitur,

341 1643 500 1713 evinces?
512 1638 604 1736 quod
613 1638 776 1709 auxilium
790 1640 944 1708 invenies
956 1640 1065 1733 iquid
1078 1640 1172 1710 dices
1183 1641 1404 1710 imbecillitati

339 1761 496 1828 humanm
506 1760 521 1827 i
533 1755 620 1851 quid
640 1757 749 1840 dices,
772 1779 841 1849 quo
858 1755 1055 1824 inflammati
1072 1757 1110 1824 in
1127 1755 1239 1827 media
1254 1757 1404 1851 pericula

340 1873 496 1942 irruant?
514 1872 593 1964 Qua
608 1872 760 1940 oratione
776 1868 870 1939 bunc
884 1867 1026 1938 timendi
1044 1893 1263 1956 consensum,
1284 1872 1405 1964 quibus

340 1989 471 2081 ingenii
485 1987 638 2069 viribus,
654 1986 809 2055 obnixam
822 2002 939 2054 contra
954 2000 989 2053 te
1001 1988 1252 2078 persuasionem
1267 1987 1405 2055 humani

340 2102 476 2196 generis
490 2101 637 2170 avertis?
654 2099 769 2167 Verba
783 2100 868 2168 mibi
884 2099 1030 2192 captiosa
1044 2100 1236 2192 componis,
1252 2114 1289 2167 et
1302 2101 1405 2169 inter·

339 2217 592 2311 rogatiunculas
601 2218 709 2286 nectis
719 2218 734 2284 Ρ
743 2217 880 2309 Magnis
893 2213 970 2283 telis
982 2239 1104 2308 magna
1114 2231 1272 2308 portenta
1281 2216 1405 2285 feriun-

340 2349 408 2400 tur.
425 2333 623 2425 Serpentem
633 2325 723 2398 illam
734 2324 749 2373 ⁴
759 2329 797 2397 in
806 2329 923 2398 Africa
931 2351 1070 2414 seram,
1084 2345 1119 2398 ct
1126 2331 1291 2400 Romanis
1300 2331 1405 2424 legio-

340 2447 546 2536 nibusbello
566 2448 639 2540 ipso
660 2445 920 2528 terribiliorem,
941 2446 1066 2514 frustra
1079 2445 1209 2539 sagittis
1222 2447 1422 2542 brutiisque

339 2565 531 2658 petierunt,
550 2584 594 2630 ne
611 2559 682 2654 pilo
699 2553 859 2652 quidem⁵
875 2559 1096 2631 vulnerabilis
1115 2575 1207 2648 erat,
1229 2586 1337 2654 quum
1353 2564 1406 2632 in·

339 2845 422 2890 marn,
433 2823 478 2876 slii
489 2823 567 2876 sliam
579 2823 623 2876 tsli
638 2825 703 2876 iacto
717 2813 845 2893 insignem
892 2825 972 2890 vtlt,
983 2843 1036 2897 esp.
1048 2826 1086 2892 ιζ.
1094 2825 1203 2879 Videtur
1212 2839 1356 2880 munuum
1367 2827 1405 2880 il-

339 2903 452 2957 lsudsnt.
468 2900 558 2954 liubit.
569 2925 602 2939 -
616 2901 738 2953 Ceterum
756 2899 844 2953 ducem
892 2900 939 2954 tut
953 2921 969 2954 s
985 2921 1037 2972 quo
1051 2914 1149 2957 tantum
1167 2904 1269 2956 terroris
1282 2903 1404 2957 Romanis

338 2981 412 3033 illum
422 2979 496 3032 luisse
507 2979 540 3049 Q.
549 2979 683 3034 Creditiurn
690 2979 789 3052 opinor,
801 2980 845 3050 qui
893 2980 1013 3052 injectum
1021 2993 1071 3049 est,
1081 2981 1237 3053 suisscbnp'us
1244 2984 1347 3056 generis
1354 3003 1405 3055 quo

340 3057 433 3110 CCCC
442 3057 534 3110 milites
544 3056 614 3110 tlnrit
624 3057 652 3108 in
661 3070 783 3124 montem,
793 3057 846 3109 imo
895 3059 977 3113 stlbnr
985 3060 1039 3114 bec
1049 3062 1119 3134 regio
1128 3062 1271 3126 infestatum
1283 3082 1348 3133 ques
1355 3082 1405 3115 ser·

251 3165 253 3174 v
339 3137 367 3188 in
379 3147 503 3199 mortem,
515 3153 559 3208 per
572 3134 668 3187 melios
680 3135 790 3186 bostium
801 3155 847 3187 ra-
896 3149 981 3210 pentes
994 3137 1111 3190 arborum
1126 3139 1221 3190 truncis
1237 3138 1335 3191 similes
1353 3158 1405 3190 esse

340 3233 408 3265 neos.
425 3215 456 3264 Α.
473 3212 571 3266 Gellius
586 3225 610 3265 st
624 3213 714 3266 Florus
729 3215 755 3266 in
765 3213 848 3283 primo
895 3214 1003 3267 viatores
1018 3213 1162 3267 affirmant:
1177 3215 1255 3268 boves
1270 3227 1338 3269 totos
1354 3237 1405 3269 vo-

338 3292 406 3345 bello
419 3292 532 3356 Punico,
544 3291 589 3345 etsi
601 3291 664 3344 slim
674 3293 747 3345 aliter
757 3293 848 3345 Virnrn
896 3305 965 3356 rsnt,
978 3304 1111 3365 postquam
1120 3311 1162 3345 eos
1174 3292 1280 3346 nexibus
1291 3294 1406 3348 suisiu-

340 3369 453 3441 sppsllst.
465 3369 578 3437 Lipsius.
896 3369 1055 3442 plicuerunt,
1075 3389 1213 3440 corumque
1228 3391 1284 3424 ossa
1300 3373 1327 3425 vi
1344 3393 1406 3445 per-

375 3463 396 3498 r.
406 3447 516 3500 Grande
523 3451 688 3515 componitur.
696 3447 849 3502 Meuscom-
897 3447 1033 3520 fregerunt,
1043 3449 1206 3500 utromrnotle
1211 3447 1308 3522 possint
1316 3450 1405 3502 collisa

337 3527 418 3592 ponit.
431 3523 547 3594 Lipsius.
895 3522 1007 3575 membra
1026 3523 1194 3595 psrticnlstim
1213 3543 1258 3577 ors
1278 3527 1403 3598 ingerere.

373 3623 397 3654 s.
410 3604 472 3656 Non
484 3605 595 3656 trecentis
614 3602 664 3656 illis
681 3601 848 3658 Laeedeno-
894 3602 1127 3654 Adamondicitss
1138 3602 1231 3656 vidisse
1242 3603 1271 3655 in
1282 3605 1403 3678 Senegsli

340 3680 398 3733 niis.
410 3679 500 3732 liubit.
895 3695 994 3751 campos
1003 3677 1057 3730 istis
1067 3679 1189 3732 monstris
1197 3680 1296 3752 plenos.

372 3757 396 3810 3.
407 3757 500 3811 Bam.
510 3755 601 3812 steti.
612 3759 648 3812 A.
662 3779 682 3812 e.
694 3758 779 3828 Vulgo
793 3760 847 3810 do·
927 3761 950 3811 5.
962 3758 1003 3810 Ne
1011 3761 1069 3828 pilo
1079 3763 1190 3826 quidem.
1204 3761 1291 3835 inepte
1302 3762 1401 3834 vulgo,

338 3833 505 3888 rebustus.
893 3833 1403 3904 nePytbonquidem,invitislibrisvett

372 3913 395 3976 4.
406 3911 552 3979 Serpmtsm
564 3913 648 3964 iiiam.
664 3912 730 3980 Qun
746 3911 844 3965 exerci-
893 3929 952 3963 naon
966 3911 1064 3982 Phyrr'o
1074 3911 1147 3965 slsbst
1157 3912 1351 3984 et.1t.1²ystto
1363 3916 1403 3970 etl.

338 4001 394 4040 tum
401 3987 494 4062 Reguli
503 3987 531 4039 in
540 3989 623 4041 elicies
633 3987 727 4041 bellum
736 3990 844 4062 gerentis
894 3989 957 4041 Ven.
970 3988 1066 4042 Pttron
1077 3990 1117 4042 ed.
1131 3991 1166 4044 A.
1178 3991 1273 4045 Pttsos
1283 4012 1330 4045 ms.
1338 4015 1361 4047 r.
1371 3997 1403 4046 ln

339 4067 481 4120 corsmrrrrlt.
494 4065 554 4120 Vid.
569 4066 627 4120 Aul.
639 4067 707 4124 Gell.
717 4069 793 4121 Nost.
801 4080 844 4122 stt.
894 4065 988 4120 eisdem
1005 4068 1074 4121 vitiis
1089 4069 1205 4122 oberrant
1226 4071 1302 4124 codd.
1327 4072 1403 4125 Grut.

338 4142 382 4199 lib.
400 4143 457 4212 Vl,
475 4165 528 4215 esp.
548 4144 571 4196 3.
590 4144 647 4199 Vsl.
667 4147 736 4199 Mas.
753 4146 799 4198 lib.
815 4147 844 4213 l,
894 4145 982 4215 Nihil,
1000 4166 1053 4200 non
1070 4147 1143 4215 tliro,
1162 4148 1337 4221 probabilius,
1358 4152 1402 4204 sci

337 4241 392 4296 cap.
405 4223 441 4289 8,
463 4221 479 4292 ς
499 4241 536 4293 sp.
549 4220 615 4275 Plio.
630 4223 695 4276 llist.
718 4223 776 4276 tter.
798 4221 845 4276 lib.
892 4223 960 4278 nibil
977 4225 1066 4279 certius
1085 4227 1264 4282 emendations
1278 4229 1401 4295 Erssmi,
