2975 4992
381 462 648 533 EPISTOLA
671 461 797 533 Lxx.
879 518 887 539 .
1063 468 1126 555 dds

82 590 156 687 quod
165 594 290 663 animal
303 593 467 678 aleretur,
481 592 635 663 suadenti
642 592 776 665 cuidam
788 610 826 663 ut
836 593 1021 665 abstineret
1032 596 1133 689 cibos

84 712 235 799 «Omnia,
253 712 387 804 inquit,
411 710 565 795 bomini,
587 709 668 781 dum
686 712 790 795 vivit,
819 712 986 807 speranda
1003 730 1129 783 sunt.»

81 832 115 902 Ut
123 830 161 897 sit
169 828 236 897 boc
249 852 389 912 verum,
405 852 475 897 non
487 829 579 897 omni
593 829 705 923 pretio
717 830 787 897 vita
798 828 941 899 emenda
956 846 1019 899 est.
1033 832 1134 924 Quae-
1158 844 1178 911 ε

82 943 143 1011 dam
163 942 246 1011 licet
268 966 414 1037 magna,
439 943 522 1011 licet
546 958 640 1013 certa
667 943 755 1025 sint,
777 957 888 1013 tamen
905 940 950 1013 ad
965 944 1024 1012 iila
1040 947 1133 1039 turpi

82 1060 272 1128 infirmitatis
288 1060 501 1129 confessione
514 1084 584 1129 non
596 1061 741 1129 veniam.
755 1062 828 1156 Ego
842 1062 986 1155 cogitem
996 1111 1009 1143 ,
1022 1062 1059 1129 in
1071 1085 1112 1130 eo
1119 1112 1131 1147 ‚

82 1180 129 1268 qui
140 1178 240 1261 vivit,
262 1179 374 1247 omnia
389 1201 487 1271 posse
507 1178 695 1259 fortunam,
715 1179 944 1271 potiusquam
963 1180 1131 1275 cogitem,

83 1296 240 1386 incoqui
259 1295 324 1363 scit
339 1296 424 1363 mori
441 1293 530 1361 nibil
547 1316 647 1388 posse
668 1293 870 1362 fortunam?

120 1406 310 1499 Aliquando
323 1422 436 1475 tamen
448 1456 458 1489 ,
471 1408 573 1475 etiam
586 1407 615 1475 si
629 1421 721 1475 certa
735 1430 825 1475 mors
838 1406 999 1495 instabit,
1017 1424 1051 1482 et
1061 1408 1138 1477 des·

83 1524 206 1595 tinctum
234 1524 303 1593 sibi
331 1524 535 1620 supplicium
554 1526 673 1612 sciet¹,
702 1499 770 1594 ndu
789 1524 1013 1595 commodabit
1030 1548 1138 1619 poenae

83 1664 138 1709 sua
162 1666 314 1710 manum.
344 1640 495 1711 Stultitia
517 1656 591 1721 est,
616 1642 737 1709 timore
756 1642 873 1709 mortis
896 1643 1018 1709 mori'.
1036 1643 1138 1710 Venit

85 1766 131 1854 qui
154 1764 288 1833 occidat
314 1791 323 1832 t
353 1760 524 1858 exspecta!
554 1759 652 1857 Quid
679 1765 849 1857 occupas?
871 1788 978 1857 quare
995 1765 1139 1857 suscipis
1165 1800 1178 1850 7

84 1876 185 1945 aliems
203 1877 419 1946 crudelitatis
435 1875 733 1970 procurationem?
751 1891 864 1945 utrum
882 1875 1015 1944 invides
1028 1878 1139 1946 carni-

85 1993 131 2061 fici
152 2009 230 2081 tuo,
259 2018 304 2062 an
329 1993 467 2087 parcis?
486 1983 663 2061 Socrates³
689 1993 800 2085 potuit
817 1992 1020 2062 abstinentia
1038 1992 1139 2062 finire

86 2111 194 2192 ritum,
220 2125 261 2178 et
283 2107 399 2177 inedia
421 2108 558 2201 potius,
575 2130 678 2200 quam
693 2131 849 2191 veneno,
870 2110 979 2194 mariq
1000 2110 1141 2202 triginta

86 2240 182 2295 tanen
200 2224 278 2292 dies
296 2225 334 2292 in
347 2246 486 2293 carcere
502 2224 587 2291 etin
603 2224 852 2317 exspectatione
868 2224 987 2292 mortis
1002 2223 1116 2318 exegit
1129 2252 1138 2311 3

87 2365 142 2410 noa
163 2343 231 2411 boc
255 2334 406 2421 animo⁴‚
444 2355 605 2432 tanquam
628 2339 743 2406 omnia
773 2340 849 2408 fieri
872 2353 1008 2433 possent
1017 2333 1044 2427 ⁵,
1066 2355 1144 2428 tan-¹

88 2482 173 2548 quam
190 2457 316 2525 multam
331 2479 408 2551 spes
422 2470 488 2523 tarn
508 2455 647 2549 longum
667 2470 799 2549 tempus
816 2456 984 2550 reciperet
998 2483 1009 2543 3
1028 2453 1088 2523 sed
1105 2470 1143 2523 ut

90 2568 249 2661 preberet
265 2592 303 2637 se
317 2568 474 2665 legibus,
489 2584 528 2636 ut
541 2565 723 2638 fruendum
739 2568 859 2637 amicis
876 2582 1062 2637 extremum
1078 2568 1142 2636 So·

89 2700 199 2755 cratem
229 2685 342 2755 daret.
372 2683 468 2779 Quid
491 2701 566 2755 erat
593 2684 727 2755 stultius
739 2734 752 2772 ‚
776 2708 877 2779 quam
900 2698 1042 2781 mortem
1060 2706 1144 2773 con-
1168 2724 1185 2777 3

91 2984 124 3040 Cf.
131 2986 218 3042 &nse
229 2988 264 3041 de
273 2987 313 3041 irs
323 2987 378 3052 111,
393 3004 421 3058 ¹7
431 2987 476 3039 fin.
488 2999 513 3039 st
521 2986 585 3041 Piu-
633 2986 685 3061 jum
692 2986 808 3041 laudatus
818 2986 956 3041 Martialis:
965 2986 1052 3049 «nte,
1061 3004 1124 3059 rogo
1136 3024 1144 3047 .

88 3067 153 3121 urei
168 3068 199 3121 ds
214 3067 314 3122 Exsilio
330 3068 361 3121 Τ.
375 3068 414 3131 1,
435 3088 458 3141 Ρ.
478 3065 529 3121 383
548 3086 586 3138 sq.
633 3088 687 3121 uon
696 3069 768 3121 iuror
781 3080 831 3136 cst,
845 3088 876 3121 nc
886 3068 1008 3133 moriare,
1023 3066 1107 3119 mori?
1117 3088 1130 3113 υ

90 3146 182 3201 natm.
193 3146 285 3201 Ruth.
667 3146 692 3199 3.
701 3146 829 3201 Socrates.
839 3146 935 3199 Notum
951 3158 1002 3213 est,
1017 3164 1074 3199 sum
1088 3155 1143 3215 pust

119 3244 138 3279 ι.
147 3227 222 3281 Sciet.
232 3225 349 3279 Subuudi
360 3228 473 3293 sapiens.
637 3225 827 3279 damnationem
835 3225 939 3297 triginta
947 3224 1001 3276 diss
1011 3223 1038 3275 in
1048 3240 1145 3275 curem

117 3320 138 3351 s.
149 3303 252 3355 Timore
261 3306 356 3356 mortis
364 3307 438 3356 met.
448 3302 532 3373 Supra
539 3302 587 3372 ΕΡ
638 3304 745 3375 mugisse
755 3342 762 3369 ,
773 3304 832 3377 quis
843 3305 918 3359 Delia
926 3306 1002 3369 iustu,
1012 3300 1147 3375 quotannis

90 3392 151 3444 mv,
163 3398 208 3445 us,
220 3400 250 3431 es
262 3380 374 3453 Epicuro
384 3380 480 3433 similis
492 3379 574 3432 attulit
581 3398 595 3446 ‚’
637 3382 760 3436 celebrari
775 3380 863 3448 solita,
882 3381 1078 3434 intervenerant.
1089 3378 1149 3431 Xu-

91 3455 127 3507 sbi
136 3456 165 3508 ei
174 3470 229 3510 not.
237 3456 361 3511 Ειωᾶοω
370 3457 591 3533 senteutismprte·
638 3460 716 3536 nopb.
726 3460 868 3514 Memorub.
879 3461 976 3513 Socrat-
984 3460 1063 3526 1V,s,
1074 3469 1147 3511 suot.

93 3534 184 3587 tualioe
191 3535 336 3589 Arcesilaus
343 3556 382 3607 sp.
391 3534 591 3589 Piumrebdiou·
637 3538 744 3613 Epictet.
759 3538 795 3589 iv
808 3537 876 3590 Diss.
893 3536 994 3589 Arriam
1008 3538 1035 3601 1,
1052 3540 1098 3611 ¹⁵9
1112 3556 1149 3605 sq.

93 3614 131 3665 ml.
139 3616 169 3667 sd
178 3615 298 3690 Apulip.
310 3615 374 3689 359,
386 3614 417 3667 T.
424 3614 475 3667 vll
484 3614 556 3666 iiutt
567 3624 592 3665 st
638 3614 748 3689 Egregie
756 3614 929 3688 boeeesposuit
937 3614 1047 3667 Meinsrs
1058 3614 1149 3667 Gesch.

94 3689 365 3764 huetiuslli‚79.«1¹2t
371 3710 435 3765 seps
441 3690 591 3762 usqueadeo
641 3696 686 3749 det
700 3694 788 3747 Wiss.
800 3693 861 3747 Vol.
874 3694 898 3745 il
906 3734 913 3761 ‚
927 3714 950 3767 p.
964 3690 1014 3765 496
1024 3712 1078 3763 sqq.
1089 3692 1125 3745 R.
1209 3734 1213 3741 .

93 3768 380 3825 nortisiorruidiuesitae
388 3768 591 3843 Percipitbums·
674 3770 778 3839 411oe
796 3776 893 3825 animo.
911 3770 973 3823 Non
994 3790 1056 3845 opus
1074 3782 1149 3823 estut

94 3846 228 3899 uosodium
240 3848 489 3920 tuoque-isonia,
500 3845 592 3900 Utsibi
642 3870 701 3904 eum
718 3850 826 3903 (irutsro
849 3846 961 3916 legumus
972 3866 978 3900 :
991 3846 1037 3899 boc
1053 3844 1153 3898 Rhodii

94 3925 243 3977 umbrant
254 3928 368 3979 merenti
379 3940 478 4001 pectore
494 3926 590 3991 ictum,
641 3932 743 3993 omino,
754 3924 800 3977 etsi
809 3924 891 3979 odilia
900 3924 996 3978 Rhodii
1004 3922 1151 3997 Telesphori
1182 3922 1188 3931 “

95 4002 168 4057 ostiti
177 4007 276 4059 iontem
286 4024 402 4057 cunmru
415 4006 485 4058 buno
496 4024 548 4057 esse
558 4005 594 4057 ti·
642 4006 755 4075 §Satn
768 4016 888 4077 spectant.
902 4002 990 4056 Ruth.

95 4100 215 4135 nosen.»
226 4084 468 4139 Ruta-Lamus
475 4082 514 4137 bis
524 4104 593 4139 con·
674 4083 791 4137 5.1·'te›s
807 4090 919 4151 possent.
939 4077 1054 4134 Subsudi
1071 4094 1077 4129 :
1095 4094 1152 4148 quse

95 4172 158 4213 sonu
169 4181 178 4214 t
189 4183 204 4209 ιι
215 4162 311 4214 Multos
324 4162 352 4213 in
365 4182 465 4215 summa
481 4162 593 4234 pericula
642 4180 700 4213 cusu
713 4161 838 4230 jacentem
855 4157 887 4211 ad
900 4155 1051 4230 supplicium
1066 4154 1153 4227 erige·-

96 4238 157 4310 misit
163 4241 276 4293 Venturi
292 4241 366 4297 timor
382 4241 435 4313 ipsu
452 4240 523 4293 maii.
535 4262 550 4289 s
561 4241 594 4292 lit
642 4251 699 4291 rsnt
709 4238 776 4291 etad
787 4238 864 4291 vitam
878 4234 1032 4295 reducerent.
