2975 4992
362 509 632 583 EPISTOLA
653 511 888 586 Lxxxvl.
1090 517 1158 612 599

107 648 319 742 pietatemque
325 693 337 728 ,
358 643 465 736 magio
481 645 519 712 in
539 642 598 710 illo
613 643 846 717 admirabilem
856 653 881 732 ¹,
898 667 1004 742 quum
1019 647 1159 740 reliquit

107 764 258 856 patriam
278 783 380 852 quarn
399 783 505 852 quum
524 757 689 829 defendit.
711 760 779 832 Aut
791 765 904 858 Scipio
915 766 1029 832 Romae
1039 762 1160 852 docete

107 879 258 960 debebat,
275 892 335 946 aut
346 879 453 946 Roma
464 875 650 946 liberum
670 905 687 943 a
705 880 821 962 Nihil,
838 876 985 974 inquit³,
1003 881 1082 951 volo
1096 876 1159 948 de·
1186 923 1201 955 2

108 1019 215 1089 rupee
225 993 376 1088 legibue,
393 992 481 1061 nibil
494 993 675 1078 institutit,
692 1017 825 1086 aequum
839 997 930 1066 inter
941 1019 1059 1068 omnen
1070 997 1163 1065 cirea

104 1111 152 1202 jue
166 1110 224 1193 ait3
247 1124 343 1176 utere
364 1107 438 1176 eine
460 1131 513 1176 me
527 1107 695 1176 beneficio
713 1105 821 1198 meo⁴,
838 1108 965 1204 patria!
983 1133 1085 1180 cauea
1096 1109 1161 1179 tibi

107 1226 261 1294 libertatis
275 1225 346 1310 lui,
362 1248 421 1293 ero
434 1240 470 1292 et
482 1242 720 1318 argumentum
734 1219 761 1293 ⁵.
773 1229 884 1311 Exeo,
901 1228 930 1296 oi
943 1226 1041 1322 plut,
1058 1249 1161 1320 quam

108 1343 162 1410 tibi
171 1343 323 1436 expedit,
337 1343 443 1410 crevi.
461 1369 476 1406 r
490 1340 680 1434 -Quidni
694 1367 760 1437 ego
770 1342 921 1414 admirer
931 1345 1021 1413 bane
1030 1346 1162 1438 magni·

106 1455 247 1525 tudinem
258 1457 385 1540 animi,
402 1477 470 1547 qua
488 1456 523 1522 in
542 1454 696 1523 exsilium
709 1456 935 1526 voluntarium
950 1459 1107 1539 secernit,
1126 1470 1161 1524 et

106 1575 264 1642 civitatem
285 1573 502 1641 exoneravit?
518 1575 565 1640 Eo
581 1570 746 1664 perducta
760 1597 816 1642 reo
827 1591 921 1656 erut,
937 1591 976 1644 ut
987 1592 1046 1644 aut
1058 1575 1163 1643 liber·

107 1707 150 1758 tao
166 1690 334 1784 Scipioni,
353 1703 412 1757 aut
429 1689 542 1781 Scipio
564 1687 712 1757 libertati
732 1689 859 1761 laceret
876 1693 1049 1785 injuriam.
1067 1695 1163 1760 Neu-

105 1823 184 1874 trum
212 1807 261 1875 sao
282 1821 374 1892 erat,
398 1806 512 1896 itaque
530 1802 625 1872 dedit
642 1805 754 1874 locum
772 1806 921 1900 legibue,
943 1825 977 1876 et
995 1831 1037 1876 ee
1050 1808 1162 1876 Liter-

106 1949 177 1991 num
189 1924 340 2015 recepit,
358 1936 423 1989 tam
437 1944 534 1988 ouum
547 1921 698 1989 exsilium
712 1923 910 2014 reipublice
921 1926 1158 2017 imputaturus,

106 2063 196 2130 quam
211 2037 382 2106 Hannibal
392 2032 418 2104 ⁶.

104 2314 151 2370 eat,
162 2313 379 2372 monumentoque
391 2302 604 2374 ruuaioperim-
653 2303 738 2376 plexus
757 2317 793 2357 eat
806 2303 891 2357 llubk.
903 2325 981 2376 quum
999 2317 1071 2360 antee
1087 2307 1162 2379 lege-

106 2379 177 2452 potita
183 2381 239 2442 luit,
249 2399 326 2451 quarn
334 2391 477 2454 tempestate
483 2379 604 2451 dejectam
654 2393 721 2434 retur
731 2393 780 2434 aar
793 2383 888 2436 llomoe
899 2384 1008 2436 libertas
1024 2403 1054 2436 er
1066 2385 1162 2437 Mureti

104 2480 176 2531 nuper
189 2459 301 2512 vidimus
309 2459 362 2532 ipai.
376 2458 415 2511 cf.
427 2456 516 2510 Strabo
527 2457 603 2524 Η,
654 2458 768 2530 ingenio.
778 2458 860 2514 Sata.

104 2540 151 2610 lp
167 2539 211 2606 187
230 2536 299 2608 lips.
316 2536 401 2589 Valer.
418 2537 486 2589 blaa.
505 2536 564 2600 lll,
582 2556 605 2603 7.
687 2537 710 2589 3.
719 2537 797 2590 Nihil
806 2540 915 2607 inquit...
923 2548 1113 2608 argumentum.
1124 2535 1162 2588 En

103 2617 164 2670 llinc
175 2630 200 2670 et
212 2628 298 2670 omter
311 2620 475 2682 suspicatur,
489 2633 542 2667 non
558 2633 604 2685 pro
655 2612 727 2666 livio
740 2613 795 2668 hee
814 2632 866 2666 non
878 2614 1008 2688 desumpta
1026 2627 1093 2667 runt.
1110 2614 1162 2667 Sed

102 2709 161 2748 certo
172 2693 290 2748 affirmat.
304 2693 393 2746 nult.
653 2693 721 2744 suere
731 2691 834 2746 diverte
841 2693 873 2746 de
880 2691 997 2766 Scipione
1005 2691 1162 2759 traditiones,

133 2797 152 2829 ι.
160 2775 253 2845 Magis
265 2780 293 2828 in
303 2779 349 2829 illo
356 2773 547 2827 admirabilem.
561 2773 604 2826 Sia
653 2773 707 2844 ipro
714 2771 789 2824 bivio
799 2783 899 2824 auctore
909 2769 927 2822 l.
939 2771 955 2822 l.
966 2772 997 2824 cl.
1007 2771 1093 2824 Antias
1101 2772 1163 2825 Auli

102 2854 153 2906 edd
165 2853 225 2906 inde
237 2853 271 2906 ab
283 2854 394 2906 Ernemo.
407 2853 524 2904 Potuerat
534 2863 604 2902 vetuo
654 2849 733 2902 Gellii
744 2848 797 2914 vl,
810 2851 833 2902 S.
846 2847 936 2900 Ruth.

102 2932 169 2986 lectio
188 2931 285 2994 teneri,
308 2950 390 3000 quam
409 2933 494 2999 magis
513 2932 540 2980 in
556 2932 604 2981 illo
686 2928 709 2993 l.
725 2924 802 2978 Utere
814 2927 869 2978 saite
888 2945 930 2978 me
948 2926 1065 2996 benficia
1084 2945 1161 2990 mea,

101 3011 189 3061 admlr.
197 3011 301 3075 judico,
316 3007 343 3060 in
355 3025 431 3077 quam
443 3005 604 3058 contentiunt
650 3006 749 3072 patria.
760 3003 811 3056 'Sic
830 3003 895 3056 Milo
912 3003 981 3076 apud
997 3003 1162 3058 Ciceronem:

101 3084 175 3139 ltA.
188 3106 210 3139 c.
224 3098 249 3138 et
261 3082 308 3138 Pal
321 3105 349 3149 2,
363 3087 393 3150 l,
409 3095 432 3135 et
445 3082 499 3135 Col.
513 3080 604 3152 Quam
655 3101 668 3126 α
689 3079 836 3151 Tranquillo
863 3081 991 3153 republica
1017 3082 1084 3136 cirea
1110 3082 1163 3136 mei

101 3173 182 3215 tenent
194 3164 272 3216 etiam
281 3162 338 3214 Par.
349 3182 376 3213 a.
389 3162 413 3212 b.
426 3161 453 3211 d.
466 3157 604 3222 redjudlco
653 3159 786 3228 (quoniam
803 3157 868 3210 mibi
882 3178 940 3211 cnm
956 3159 1007 3212 illia
1022 3181 1075 3213 non
1090 3160 1159 3228 licet)

101 3261 149 3294 non
159 3253 309 3314 agnoscunt.
322 3238 404 3294 Sata.
653 3235 707 3286 tine
718 3253 760 3286 me
771 3235 833 3308 ἱροὶ,
846 3236 890 3290 red
902 3255 946 3308 per
957 3255 998 3289 me
1010 3250 1094 3291 temen
1106 3257 1161 3310 per·

132 3315 603 3372 r.AutRomalibertatl·Sieed.Ven·
654 3314 803 3364 fruantur.»

100 3397 311 3467 quem-duodoni
321 3395 382 3448 olim
392 3396 421 3448 in
432 3413 479 3448 ruo
491 3393 604 3463 exemplo
643 3443 648 3455 ,
688 3394 711 3443 5.
721 3392 919 3461 Argumentum.
929 3392 1076 3445 Monatrabo
1084 3391 1161 3447 liber,-

100 3473 190 3545 legernt
201 3473 274 3526 Otho
286 3473 395 3547 Fririug.
410 3474 466 3526 lloe
475 3473 537 3526 dicit
555 3472 605 3523 Se·
655 3483 730 3523 tatem
752 3471 798 3524 tibi
817 3472 900 3526 adbuc
916 3492 976 3524 ease.
992 3471 1118 3526 Ceterum
1130 3475 1161 3526 cl.

99 3570 157 3605 nece
165 3565 225 3606 :ent
233 3551 319 3624 Scipio
326 3550 434 3602 Romam
444 3549 558 3602 deterere
565 3548 606 3600 de·
656 3547 710 3600 Cic.
721 3548 754 3600 de
765 3548 819 3599 ΟΠ.
831 3549 885 3616 lll,
901 3565 922 3598 ι.
931 3547 1020 3601 Ruta.

99 3630 178 3697 bebet,
189 3643 235 3684 ent
244 3629 326 3682 noma
337 3627 449 3681 deterere
458 3627 605 3680 libertatern.
688 3626 711 3678 6.
724 3627 793 3678 Tam
802 3646 879 3679 suum
885 3629 1011 3680 exsilium
1016 3627 1163 3695 reipublicoe

100 3709 177 3760 neon
193 3707 289 3761 dietum
303 3705 370 3759 varie
384 3705 414 3758 ab
427 3703 532 3758 aliisvel
547 3723 606 3754 rnu-
656 3707 841 3772 imputaturus,
848 3703 1079 3773 quamHannlbal.
1085 3702 1162 3756 llan-

99 3797 176 3838 tatum
183 3797 235 3847 eet,
244 3783 285 3836 vel
293 3782 478 3857 interpolatum.
484 3785 540 3835 Aue
548 3781 606 3833 Ilo-
654 3781 740 3834 nibalr'
749 3782 783 3835 R.
794 3784 828 3833 A.
839 3801 859 3836 c.
871 3795 896 3834 et
907 3782 961 3835 Pal.
973 3803 987 3834 2
999 3781 1162 3835 Hannibalis

101 3867 246 3918 merula
261 3863 379 3916 libertate
393 3881 445 3914 non
452 3869 555 3928 poterat
566 3859 607 3912 ed.
656 3857 694 3910 ed.
709 3859 807 3911 Erant.
823 3871 848 3911 et
859 3879 929 3932 seqq.
943 3879 1000 3912 eum
1014 3859 1070 3911 eliis
1082 3859 1162 3912 ratae

100 3941 134 3996 ll.
145 3942 203 3994 Aul
213 3941 303 3993 Roma
314 3943 371 3992 tine
380 3939 498 3991 llberlate
516 3937 556 3989 ed.
571 3939 598 3988 A
656 3947 679 3987 et
688 3935 746 3988 Col.
754 3937 893 4007 Eouidem,
903 3949 1020 3989 neutrmn
1029 3936 1163 3990 serendum

101 4019 277 4074 etmenden
294 4017 382 4070 Ram
396 4013 552 4068 inliberlate
565 4013 608 4088 ed.
657 4011 785 4084 judicans,
802 4013 945 4068 Hannibal
959 4014 1069 4074 correxi,
1086 4015 1162 4089 plano

100 4097 258 4151 hunum
267 4115 325 4148 mro.
333 4093 489 4167 Par-Opaop.
500 4105 525 4146 et
533 4093 607 4145 Grut.
657 4111 731 4145 narn
743 4111 750 4145 ι
761 4105 789 4145 ut
800 4093 945 4157 Hannibal,
957 4112 990 4145 ne
1004 4093 1101 4146 civibus
1112 4094 1164 4147 auis

99 4175 165 4228 unde
186 4173 302 4228 Gronov.
324 4171 460 4245 legendum
478 4184 609 4224 emineret
657 4169 1165 4245 molestiamcrearet,rponteinenilium

100 4262 148 4304 aut
164 4250 283 4306 Romani
305 4251 418 4306 libertati
428 4289 436 4314 ,
458 4248 527 4320 quod
548 4267 608 4300 am·
658 4248 746 4313 crivit,
759 4251 836 4312 (conl.
855 4248 956 4344 Livium
974 4247 1018 4301 lib.
1033 4248 1164 4312 xum.
