2975 4992
280 550 283 557 Ι
378 468 645 541 nr1srous
668 466 801 537 nan.
1065 476 1132 566 ²73

92 632 146 679 eun
155 606 283 701 jactura
298 602 461 697 pudorisj
477 616 513 671 et
530 599 715 686 libertatis,
733 614 769 669 et
783 602 957 696 temporis.
975 601 1069 673 Adeo
1083 607 1137 673 ni·
1161 634 1175 683 7

89 723 123 793 hil
137 738 178 791 est
191 721 315 813 cuique
334 742 371 787 se
389 715 508 789 uilius!
524 716 618 787 Idem
634 718 749 810 itaque
765 719 801 786 in
815 716 973 787 omnibus
985 719 1138 792 consiliis

90 836 230 928 rebusque
263 834 449 917 faciamus,
478 830 571 925 qnod
596 830 742 901 solemus
760 830 903 913 facere,
931 832 1066 924 quoties
1095 832 1140 901 ad

89 954 250 1021 institorem
275 949 422 1043 alicujus
442 950 565 1017 mercis
588 949 815 1017 accessimus:
833 944 1029 1029 videamus,
1050 948 1137 1029 lsoc,

88 1068 157 1163 quod
173 1066 466 1161 concupiscimus,
489 1064 610 1157 quenti
633 1062 821 1133 deferatur.
844 1064 942 1158 Saepe
960 1066 1142 1133 maximnm

88 1185 208 1279 pretium
224 1198 297 1265 est,
322 1206 387 1278 pro
406 1206 475 1275 quo
488 1180 620 1250 nullum
643 1180 744 1251 datur
756 1184 783 1249 ¹.
799 1180 908 1249 Multa
920 1202 1056 1275 possum
1076 1179 1140 1251 tibi

86 1298 264 1383 ostendere,
280 1324 379 1393 quus,
398 1299 564 1392 acquisita
584 1312 811 1391 acceptaque,
832 1295 1024 1364 libertatem
1042 1295 1142 1364 nobis

86 1434 278 1487 extorserunt
291 1446 301 1503 ς
316 1418 426 1487 nostri
440 1438 608 1499 ememus,
629 1416 658 1483 ai
677 1415 741 1483 ista
757 1429 874 1483 nostra
892 1438 962 1485 non
978 1399 1103 1485 essem.

121 1538 192 1605 Hes
211 1558 299 1631 ergo
317 1550 429 1603 tecum
448 1535 521 1626 ipse
542 1555 658 1615 versa,
676 1555 747 1600 non
766 1532 876 1601 solum
891 1532 951 1600 ubi
970 1528 1013 1600 de
1028 1533 1144 1601 incre-
1167 1544 1184 1598 t

85 1666 174 1718 nento
188 1666 326 1744 agetur,
345 1648 519 1717 sedetiam
539 1646 599 1715 ubi
615 1647 658 1716 de
669 1647 804 1741 jactura
814 1654 842 1715 ¹.
861 1650 934 1717 Hoc
951 1650 1144 1741 periturum

84 1767 144 1833 est?
156 1790 280 1859 nempe
299 1765 523 1834 adventitium
540 1764 630 1833 luit:
650 1780 717 1833 tam
738 1764 838 1833 facile
855 1766 931 1833 sine
945 1766 1009 1835 isto
1024 1766 1141 1851 vives,

86 1904 166 1971 qnam
182 1882 312 1949 vixisti.
331 1880 367 1949 si
387 1878 447 1948 diu
467 1879 553 1947 illud
569 1878 738 1963 habuisti,
758 1878 876 1973 perdis
894 1896 1071 1973 postquam
1090 1903 1146 1949 sa·
1219 1926 1224 1939 ·

84 1998 164 2065 tintus
175 2020 239 2067 es:
260 2000 289 2067 si
305 2022 376 2070 non
391 1994 473 2081 diu,
493 1996 612 2091 perdis
630 2012 812 2091 antequam
827 2021 1012 2067 assuescas.
1032 2000 1144 2067 Pecu-

85 2117 171 2185 niam·
180 2117 354 2184 minorem
377 2112 546 2183 habebis?
566 2137 689 2209 nempe
707 2131 742 2184 et
767 2115 978 2184 molestiam:
1001 2116 1146 2211 gratiam

85 2232 236 2303 minorem
246 2230 264 2299 i
273 2252 396 2323 nempe
409 2242 445 2297 et
458 2226 634 2299 invidiam.
651 2230 885 2325 Circumspice
897 2232 979 2318 ista,
995 2256 1071 2325 quae
1083 2256 1145 2303 nos

82 2370 171 2447 agunt
181 2356 219 2423 in
229 2354 418 2437 insaniam,
432 2376 507 2447 qum
519 2376 595 2420 curn
612 2352 768 2446 plurimis
780 2352 929 2422 lacrimis
939 2356 1142 2424 amittimus:

80 2473 150 2539 scies
163 2496 236 2541 non
256 2469 418 2540 damnum
433 2471 469 2538 in
485 2462 561 2539 hie⁵
578 2446 756 2539 molestum
769 2494 862 2556 esse,
877 2470 939 2540 sed
949 2472 1146 2566 opinionem

78 2585 188 2657 damni.
208 2592 321 2658 Nemo
338 2586 397 2656 illa
411 2588 541 2680 perisse
555 2586 677 2671 sentit,
699 2585 760 2655 sed
773 2582 934 2681 cogitati.
951 2588 1024 2681 Qui
1036 2612 1072 2657 se
1084 2587 1145 2658 lta·
1237 2566 1241 2572 .

77 2696 154 2787 bet⁵,
166 2703 261 2773 nihil
272 2700 426 2798 perdidit
439 2727 448 2773 ι
464 2700 523 2772 aed
536 2700 765 2795 quotocuique
786 2699 913 2771 habere
926 2724 963 2770 se
975 2703 1145 2799 contigit?

77 2816 161 2887 vale.
898 2842 905 2856 ’

73 3004 274 3077 stilus-quibus
291 3005 540 3081 presumuntur.
555 3018 580 3061 et
629 3025 693 3059 mus.
714 3003 883 3075 legwige:
909 3005 1025 3061 Sortem
1046 3028 1075 3063 ce
1097 3012 1145 3080 qai

73 3100 110 3131 ns
121 3102 140 3135 c.
150 3082 203 3137 ssd
225 3086 401 3152 paratissimi
415 3082 463 3155 jam
477 3084 579 3139 dederat
627 3086 698 3139 oculte
709 3088 733 3137 le
742 3086 806 3153 plus
819 3082 880 3137 clser
891 3093 931 3138 est
940 3103 968 3137 ce
978 3088 1027 3152 qut
1039 3096 1106 3139 aaut
1119 3089 1144 3139 le

73 3160 102 3211 el.
113 3160 146 3213 ll
157 3182 219 3215 cnm
232 3182 281 3215 ms.
290 3162 316 3213 b.
328 3160 413 3215 Scau.
628 3164 722 3217 mosiis.

99 3258 117 3291 1.
132 3240 212 3309 Soepe
225 3242 385 3293 maximum
395 3234 514 3306 puttam
523 3248 578 3305 est,
663 3260 686 3293 a,
707 3237 763 3293 Ubi
771 3240 804 3293 de
809 3242 924 3307 summ.
935 3240 1040 3295 Codicis
1050 3242 1142 3295 Calon.

69 3336 108 3382 pro
123 3338 174 3389 qua
193 3322 304 3373 nullum
320 3318 408 3373 datur.
424 3320 489 3372 Sunt
504 3316 579 3384 libri,
628 3314 799 3388 aliorumque,
821 3330 846 3371 et
864 3318 981 3372 Pinciani
996 3332 1071 3391 atque
1082 3320 1142 3374 c'sli-
1200 3373 1204 3381 ,

68 3396 104 3465 qui
116 3395 202 3470 legant
214 3415 223 3449 ι
231 3400 315 3467 pretii
322 3406 362 3449 est
372 3398 498 3449 maximi.
512 3396 581 3449 Gru·
630 3394 706 3448 tionis
716 3395 808 3449 veteris
817 3394 939 3469 scriptura
949 3409 995 3450 est.
1005 3398 1095 3451 Ralulr.

69 3486 104 3525 ter.
121 3476 264 3531 emendat:
276 3479 432 3529 maximam
441 3478 526 3545 pretia
534 3488 584 3530 est.
661 3472 688 3526 3.
702 3472 740 3527 Iu
750 3474 801 3526 his.
813 3472 930 3529 subaudi
940 3480 1059 3531 amissit.

68 3552 145 3607 mel.
155 3582 192 3597 -
206 3556 306 3609 Sensus
317 3566 371 3607 est:
389 3552 466 3622 Soepe
482 3558 581 3607 mas-i-
662 3554 686 3620 4.
703 3552 760 3605 sed
768 3556 872 3623 coplas.
890 3556 927 3607 lle
943 3573 1028 3609 carne
1048 3577 1142 3631 possu-

67 3640 256 3701 numprets'rsm
264 3634 415 3687 solemnium
425 3642 478 3697 est,
489 3632 580 3706 petitur
630 3648 686 3683 mm
698 3646 705 3683 ε
717 3630 806 3702 opinio
817 3631 959 3687 molestiam
972 3635 1054 3687 effert.
1067 3634 1141 3704 lips.

68 3708 521 3783 rsrndenta‚prcqrro(i.s.qnurn
534 3730 578 3781 pro
607 3722 613 3734 '
662 3710 687 3761 5.
709 3707 766 3781 Qui
776 3727 804 3761 se
817 3708 912 3776 lam,
929 3710 1025 3765 seilicet
1041 3712 1070 3767 ia
1090 3732 1142 3786 po·

65 3807 90 3838 eo
100 3790 200 3863 presio,
226 3808 273 3863 pso
289 3807 318 3841 ea
333 3786 442 3860 pecnnia
453 3788 464 3853 )
476 3790 579 3841 nauum
628 3799 728 3855 testam
747 3788 792 3843 ille
812 3789 858 3861 qni
870 3808 924 3847 san
935 3792 1028 3846 menos
1043 3812 1142 3867 semper

66 3866 152 3933 datur,
164 3867 196 3923 id
206 3879 249 3921 cst
257 3886 311 3921 rem
322 3864 389 3919 nnlli
401 3865 475 3939 pretii
484 3864 579 3941 accipi·
628 3878 665 3921 est
685 3888 797 3942 compos.
1214 3869 1218 3875 ’
