2975 4992
404 498 670 569 urrsrons
692 500 853 569 ιω.
973 554 974 559 r
1100 494 1163 589 49¹

93 632 261 715 latemus,
282 630 481 699 illaboratus
497 644 535 698 et
555 629 684 717 facilis,
706 629 791 699 tales
809 650 884 699 esse
901 626 1060 723 epistolas
1077 636 1170 695 meas

91 745 190 829 volo,
211 768 288 837 qnae
302 743 396 827 nihil
408 742 559 813 bsbeaut
573 746 791 830 arcessitum,
816 768 881 814 neo
893 744 1024 813 fisum.
1041 743 1077 812 Si
1091 741 1168 811 fieri

92 878 227 957 posset,
251 860 339 955 quid
354 862 515 946 sentiam,
535 860 735 945 ostendere,
759 882 859 954 quam
880 860 997 953 loqui,
1019 858 1166 927 mallem.

86 981 204 1074 ‚Etiam
216 1027 229 1066 ,
247 980 277 1047 si
302 978 530 1071 disputarem,
556 1000 622 1045 uec
647 978 909 1072 supploderem¹
929 975 1073 1071 pedem,
1104 998 1169 1044 nec

92 1117 233 1161 manum
246 1093 431 1185 jactarem,
453 1114 518 1159 nec
536 1090 728 1160 attollerem
741 1115 858 1162 vocem
877 1116 886 1159 ι
903 1089 964 1161 sed
977 1091 1041 1159 ista
1059 1105 1171 1157 orsto-

92 1210 193 1279 ribus
206 1209 440 1303 reliquissem,
451 1224 632 1277 contentus
642 1230 760 1278 sensus
773 1232 866 1279 meos
874 1209 919 1277 sd
932 1224 966 1277 te
975 1206 1168 1303 pertulisse,

91 1351 183 1421 quos
195 1350 263 1395 nee
276 1348 507 1409 exornem,
529 1350 595 1394 neo
605 1326 806 1419 abjecissem
818 1331 846 1394 ².
862 1328 935 1395 llos
948 1348 1053 1395 uuum
1067 1324 1170 1419 plane

91 1443 158 1511 tibi
172 1441 367 1536 approbare
383 1442 526 1524 vellem,
551 1443 664 1511 omnia
684 1466 739 1510 me
761 1442 820 1511 illa
838 1444 965 1511 sentire
983 1466 1060 1534 qum
1075 1439 1171 1511 dioe-

92 1585 191 1647 rem,
207 1582 273 1629 nee
284 1574 414 1627 tautum
427 1560 571 1645 sentire,
586 1556 646 1628 sid
655 1583 786 1628 amare.
801 1559 911 1629 Aliter
920 1559 1075 1629 homines
1087 1559 1171 1628 ami·
1195 1596 1211 1627 2

92 1700 190 1758 sum,
221 1675 322 1745 aliter
349 1674 476 1747 liberos
497 1676 713 1764 oseuhntur3
736 1692 851 1745 tamen
877 1678 914 1745 in
941 1676 1009 1744 boe
1033 1698 1171 1767 quoque

92 1793 276 1887 amplexu,
298 1809 365 1861 tam
379 1809 495 1862 sanctu
508 1808 543 1862 et
556 1794 746 1877 moderato,
759 1796 840 1865 satis
853 1806 995 1888 apparet
1011 1792 1167 1861 allectus.

92 1911 193 1995 Non,
222 1907 458 1992 mehercules,
483 1909 604 2003 jejuna
629 1906 725 1979 esse³
743 1926 780 1979 et
796 1910 894 1979 arida
914 1910 1010 1993 volo,
1032 1932 1108 2001 quas
1127 1906 1170 1976 de

93 2024 202 2094 rebus
217 2041 288 2093 tam
301 2028 433 2121 magnis
444 2020 623 2113 dicentur,
640 2027 858 2119 nequeenim
876 2025 1096 2119 Philosophia
1113 2024 1170 2091 in-

95 2143 201 2235 genio
221 2136 438 2228 renuntiat⁴,
463 2145 607 2213 multum
625 2161 738 2225 tamen
755 2168 866 2239 operae
886 2142 1039 2237 impendi
1058 2140 1172 2212 verbis

94 2284 167 2328 non
179 2276 340 2354 oportet:
350 2264 432 2329 Heu
449 2262 493 2329 sit
508 2262 672 2356 propositi
689 2262 796 2331 nostri
809 2284 938 2330 summa
953 2284 961 2327 z
981 2258 1075 2351 qnod
1089 2282 1169 2327 sen-

96 2378 217 2460 timus,
234 2378 414 2471 loquamur
427 2405 437 2463 3
452 2378 545 2471 quod
560 2378 751 2471 loquimur,
769 2378 972 2463 sentiamus3
987 2373 1170 2444 concordet
1194 2382 1213 2435 3

96 2518 208 2563 sermo
221 2518 298 2565 cum
316 2496 399 2564 vita.
421 2494 484 2563 llle
502 2496 704 2589 promissum
724 2517 821 2563 suum
841 2493 1012 2588 implevit,
1036 2494 1117 2584 qui,
1137 2506 1172 2560 et

97 2634 203 2700 quum
219 2607 339 2679 videas
358 2609 475 2694 illum,
496 2627 531 2679 et
549 2634 653 2704 quum
674 2611 814 2694 audias,
835 2610 926 2678 idern
945 2626 1007 2678 est.
1023 2608 1172 2679 Videbi-

97 2721 196 2797 mus⁵
217 2728 331 2820 qualis
345 2730 412 2812 sit,
429 2746 578 2825 quantus
594 2722 661 2798 sit⁶
678 2756 687 2795 ε
703 2751 797 2797 unus
809 2730 853 2797 sit
863 2734 890 2795 ².
911 2730 988 2797 Non
1001 2726 1173 2797 delectent
1283 2792 1286 2801 .

129 2967 152 2999 ι.
161 2948 218 3003 Nee
223 2952 433 3020 supploderem...
441 2970 546 3006 wsem:
555 2951 612 3005 bes
654 2955 718 3019 geht
727 2953 867 3004 auantiae.
877 2949 947 3021 Quid
958 2948 1034 3003 lnerlt
1044 2966 1097 3002 non
1108 2948 1172 3003 edu-

97 3046 148 3080 esse
158 3040 243 3102 partes
257 3028 350 3083 vivide
364 3030 484 3097 aetionis,
498 3031 611 3085 oratori·
659 3050 698 3083 eo.
719 3028 751 3081 L.
765 3056 798 3070 -
810 3030 902 3099 Neque
915 3032 1010 3081 emm...
1023 3029 1172 3081 renuntiat:

96 3104 142 3158 bus
151 3106 280 3179 proprie,
293 3106 368 3161 laeile
380 3120 489 3182 apparet.
659 3112 692 3165 ad
708 3110 894 3164 inveniendum
907 3108 1029 3161 orationis
1045 3120 1173 3161 ornatum.

128 3203 152 3237 ι.
161 3186 341 3253 Adiecissem,
352 3187 446 3241 triviali
454 3186 555 3241 dicendi
565 3207 610 3261 ge·
658 3190 720 3243 ileo
739 3200 793 3242 erat
812 3188 920 3261 obiectio
942 3187 971 3239 iu
991 3186 1092 3241 Stoicos
1111 3186 1172 3240 setis

97 3284 184 3317 neree
219 3264 357 3321 ressissem.
373 3267 416 3320 Gi.
432 3267 533 3323 Ernesti
549 3268 609 3320 Lex.
658 3266 759 3332 crebre,
779 3286 826 3321 nec
844 3266 897 3338 ipss
909 3286 924 3317 a
936 3264 990 3318 Cis.
1002 3266 1072 3317 Oret.
1089 3286 1110 3318 c.
1124 3262 1171 3331 ιθ,

95 3286 259 3397 Tubuli-s
269 3344 328 3397 init.
340 3344 428 3399 Ruit.
658 3345 750 3417 rejecta
760 3366 766 3399 :
775 3346 803 3398 iu
812 3343 957 3417 eloquentie
965 3361 1033 3407 nou,
1044 3354 1072 3397 ut
1079 3342 1108 3394 iu
1114 3340 1171 3415 phi·

129 3422 259 3490 lhjuuu
266 3422 547 3486 esseantidaiemon
556 3440 610 3475 om·
658 3423 791 3496 losopbis,
803 3436 946 3478 restantem
956 3420 1086 3475 sedetiam
1094 3420 1170 3474 verbs

97 3520 155 3552 uem
164 3500 292 3553 sermonis
303 3500 454 3571 elegantiam
467 3513 491 3554 et
499 3502 608 3554 nitorem
657 3502 811 3575 penduntur.
823 3500 914 3554 Ruhlr.

96 3578 311 3650 spernam,nulla
319 3577 424 3649 quidem
434 3578 610 3632 oblectationis
692 3582 715 3633 5.
739 3580 900 3633 Videbimus.
921 3580 1028 3633 Temere
1049 3580 1171 3632 videmus

95 3656 217 3709 lectorum
226 3656 327 3709 ratione
338 3656 433 3710 lubin.
446 3656 544 3709 Eodem
555 3676 609 3709 mo·
658 3656 697 3710 ed.
710 3655 813 3731 Bipont.
825 3668 849 3708 et
862 3656 923 3709 iude
935 3656 976 3709 ed.
992 3656 1078 3711 Ruhk.
1088 3656 1168 3711 Sela

96 3734 130 3785 do
146 3736 254 3787 aridam
270 3744 295 3785 rs
302 3738 418 3801 jejunum
429 3739 608 3789 narmtsbuem
689 3734 713 3787 li.
725 3734 784 3803 Sit,
794 3734 865 3807 quod
874 3736 962 3789 aberat
973 3748 1028 3809 post
1037 3744 1168 3806 mulus,

95 3812 202 3884 :ppellat
221 3811 334 3879 Quintil.
353 3812 395 3876 ll,
410 3814 441 3879 4,
461 3809 516 3865 ὅσα
529 3813 562 3880 3,
578 3833 608 3881 1,
657 3814 749 3867 dedere
763 3822 820 3867 vslt.
834 3812 901 3868 libri.
917 3815 997 3869 l’orro
1009 3836 1047 3868 an
1057 3834 1124 3868 renus
1135 3818 1171 3868 sit

91 3894 210 3951 jejunum
232 3901 257 3940 et
279 3891 387 3941 audam
407 3892 588 3943 vastnlionem
600 3908 609 3942 .·
657 3892 742 3947 ed.1l.
755 3893 799 3947 sed
810 3893 928 3966 ignorant
936 3914 973 3947 un
983 3890 1026 3945 alii
1038 3892 1097 3945 libri
1108 3912 1170 3945 om-

94 3984 155 4035 quoe
169 3967 227 4019 loca
247 3963 329 4017 debeo
346 3965 447 4018 Ernesti
461 3967 520 4020 Lex.
538 3966 608 4018 laud.
657 3990 715 4035 nes,
724 3982 750 4022 et
756 3971 912 4045 subintelligi
923 3992 994 4046 posse
1003 3972 1115 4025 videtur:
1124 3973 1169 4025 sed

95 4068 120 4116 p.
131 4046 166 4097 33
175 4058 198 4098 et
209 4064 267 4099 ποι.
277 4044 368 4097 Ruth.
657 4057 712 4118 post
726 4048 773 4100 istu
786 4048 863 4101 verba
882 4051 1014 4103 commode
1026 4050 1171 4121 signabitur

129 4124 155 4189 4.
162 4123 252 4192 Neque
259 4124 330 4174 euim
335 4122 498 4193 philosophia
507 4127 609 4194 ingenio
657 4125 837 4199 interrogatio,
850 4148 917 4180 unius
927 4130 982 4182 sit?
993 4128 1073 4182 scos.

94 4205 233 4253 remmiut.
249 4202 325 4253 Meus
341 4203 522 4270 :ingeniorum
538 4206 610 4255 velut
690 4224 713 4271 7.
728 4204 804 4256 Unus
822 4208 865 4258 sit.
884 4204 1072 4259 Convenienlia
1090 4207 1123 4259 sit
1140 4208 1171 4260 in

95 4283 234 4332 mundas
243 4278 358 4347 Quidam
367 4282 530 4348 ingestionem
538 4282 609 4333 uelut
657 4278 717 4333 vita.
733 4280 780 4353 Ep.
794 4296 860 4348 cxx,
872 4304 1000 4353 {nagream
1016 4304 1072 4339 rem
1085 4294 1169 4357 pulo,
