2975 4992
504 482 802 574 euersum.
1148 424 1186 584 ι’,

115 625 304 709 inauspicato
312 623 424 709 quippe
437 624 479 689 ab
491 623 758 710 interpolatoribos
776 625 909 707 adjectu
933 623 1057 688 dolebat
1067 647 1188 692 mettun
1251 617 1254 620 ¹

115 729 166 794 bis
179 731 323 814 deinceps
337 731 511 816 nuperrime
525 731 620 795 editas
633 751 698 793 esse
711 728 836 793 Senecae
848 728 1003 814 Epistulas
1013 731 1191 816 priusquam

116 838 311 902 uberioribus
324 840 364 902 ad
378 840 501 902 eaodem
517 839 719 902 emendandas
731 837 893 923 presidiis,
912 859 977 922 qm
990 851 1097 924 parata
1110 845 1191 925 apud

117 965 182 1008 non
194 945 430 1008 neminemetiu
439 957 583 1030 promptu
593 965 659 1008 csse
670 943 855 1022 constabat¹,
866 945 911 1008 uti
921 945 1089 1029 potuissent
1097 949 1192 1012 edito·

117 1073 180 1116 res.
193 1051 268 1116 lude
284 1049 506 1117 commentarii
519 1049 699 1128 consilium,
720 1049 845 1115 editioni
859 1071 918 1114 aare
930 1053 1130 1137 adjungendi,
1154 1077 1192 1118 eo

117 1159 229 1224 direxit
245 1160 294 1226 sir
316 1162 438 1238 doum,
461 1174 496 1222 ut
515 1181 552 1222 ex
569 1157 633 1238 bis,
655 1180 720 1241 que
733 1159 1000 1242 adcorrigeudum
1020 1174 1193 1224 contextum
1228 1189 1234 1212 ν

119 1279 309 1350 spectarent,
330 1266 451 1330 nonnisi
473 1287 509 1329 ea
530 1287 595 1348 qaue
616 1263 741 1347 majoris
754 1265 911 1348 enjusdam
931 1265 1078 1328 momenti
1095 1283 1195 1332 essem

118 1372 283 1450 delibaret,
299 1373 482 1457 praecipuam
497 1391 601 1436 curam
617 1371 649 1434 iu
665 1369 948 1454 interpretationem
961 1368 1101 1434 locormn
1112 1373 1195 1434 dilla-

119 1479 263 1544 ciliorum
277 1491 468 1544 conuerteret
478 1525 488 1557 ,
499 1499 551 1541 me
563 1495 637 1542 rero
650 1476 838 1560 compellare
851 1475 1026 1558 hortarique
1039 1477 1120 1540 ultro
1129 1501 1196 1542 cot⁹

119 1587 184 1672 pit,
199 1601 233 1650 nt
247 1587 279 1650 iu
293 1586 397 1650 critica
412 1600 499 1671 parte
513 1605 673 1670 pergerem
688 1583 865 1672 elaborare,
880 1605 917 1646 ac
928 1583 991 1646 sire
1002 1582 1101 1648 Notas
1108 1605 1197 1671 mma

118 1697 160 1758 ad
177 1707 277 1756 totnm
300 1715 377 1779 opus
400 1705 568 1777 spectantes
589 1711 693 1756 secum
712 1690 991 1765 commtmicarem,
1018 1690 1108 1752 droul
1126 1711 1196 1756 cum

118 1801 214 1886 ipsius
226 1800 386 1868 Adnotatis
401 1801 475 1864 olim
488 1799 520 1862 iu
536 1799 636 1863 lucem
649 1797 846 1874 emittendas,
868 1798 932 1859 sive
953 1797 1053 1879 ipsum
1071 1811 1197 1860 contex-

119 1919 185 1970 tum
197 1929 270 1972 meo
283 1907 394 1992 judicio
406 1907 598 1970 enuntiatum
615 1903 785 1986 criticisque
800 1902 1111 1993 animadversionibus
1126 1902 1198 1964 illu-

119 2028 272 2092 stratnm,
301 2035 423 2098 quoquo
447 2016 540 2078 modo
563 2011 657 2076 [erret
677 2011 821 2088 occasio,
844 2010 877 2072 in
898 2009 1054 2094 publicum
1072 2011 1198 2094 prodire

119 2123 271 2206 juberem.
283 2122 396 2207 Accepi
409 2121 631 2190 conditionem,
644 2133 674 2182 et
683 2116 870 2202 Philosopbo
883 2130 990 2180 nostro
1001 2117 1111 2178 uarari
1120 2137 1198 2202 ope·

120 2249 189 2292 ram
210 2249 305 2310 quam
325 2229 409 2313 potui
428 2225 710 2312 diligentissimam:
728 2221 1199 2307 quumquemasbduotatioues

120 2353 182 2396 nou
197 2346 268 2397 aute
282 2334 433 2398 editurum
447 2355 480 2396 se
495 2332 647 2416 professus
661 2331 698 2394 sit
708 2328 874 2405 Matthia’,
889 2349 982 2411 quam
994 2330 1028 2391 iu
1041 2328 1198 2414 publicum

120 2440 271 2523 prodierit
284 2443 445 2525 adparatus
464 2439 516 2503 ille
536 2437 719 2502 variantium
732 2433 927 2514 lectionum,
943 2457 1035 2519 quem
1047 2434 1199 2520 Rubkop-

122 2545 179 2610 lios
189 2547 224 2610 iu
237 2559 356 2612 mutum
370 2546 447 2608 olim
459 2543 581 2609 Senem
595 2545 643 2606 soi
656 2543 799 2606 culmen
813 2564 845 2606 se
861 2543 1067 2626 conjecturum
1080 2542 1199 2626 signill-

154 2801 163 2831 ¹
177 2798 332 2871 Adparatum
344 2797 403 2851 dico
418 2795 492 2851 illum
514 2815 574 2850 cura
590 2814 619 2849 ae
635 2794 719 2848 studio
739 2795 800 2864 Ign.
820 2795 891 2864 Aug.
907 2794 1037 2863 Fessleri,
1055 2795 1196 2870 sumptibus

119 2885 222 2938 Komii
227 2879 603 2955 bibliopoltuWratialarieusit
609 2880 777 2946 instructum
787 2899 838 2951 quo
847 2879 991 2934 continetur
995 2881 1033 2946 (ut
1040 2880 1196 2956 llubbopliua

119 2963 1137 3038 sitioPupi-adSen.vol·1V‚p.bsqmottrnautemedsol.l‚p.xu)praeeloro
1145 2965 1195 3018 Le·

119 3059 234 3109 cubnum
244 3054 407 3104 wriaruium
413 3051 487 3120 mpla
498 3050 592 3102 eoodd.
601 3051 705 3109 nostis,
717 3051 765 3118 oui
771 3047 920 3100 Mediolani
926 3051 954 3100 in
961 3049 1115 3103 bibliotheca
1122 3051 1195 3102 Arn-

119 3141 258 3197 brosiono‚
267 3135 439 3201 Vindobona,
447 3136 624 3204 Argentoroti,
634 3131 860 3204 Bernoe,Altofii,
866 3133 1009 3202 Essortiioe,
1018 3133 1195 3200 Helmstodii,

122 3221 253 3292 Erlangoe
260 3231 285 3274 et
294 3219 455 3292 Guelferbyti
464 3229 637 3272 esserountor.
650 3216 808 3290 Comparate
819 3219 920 3270 tumne
928 3215 979 3271 ille
987 3217 1067 3292 copie
1076 3217 1194 3271 boccon-

121 3303 193 3370 silio,
202 3318 231 3357 ut
245 3321 332 3358 earam
340 3321 388 3378 ope
394 3302 558 3356 adornaretur
565 3319 631 3354 nova
639 3299 753 3374 Operum
761 3301 865 3354 Seneca
872 3301 949 3355 editio
956 3301 1076 3354 omuibus
1082 3301 1195 3356 numeria

118 3389 319 3460 absolutissima,
327 3407 458 3462 quaenuo
467 3386 679 3462 XCVauperioris
686 3386 770 3440 nauli
779 3403 873 3458 magno
880 3385 984 3458 quidem
992 3385 1065 3442 biatu
1072 3388 1194 3461 promissa

122 3489 192 3542 crat,
203 3475 279 3529 tertio
290 3488 346 3548 post
357 3493 424 3528 auno
434 3471 460 3526 in
471 3472 597 3548 publicum
611 3471 748 3526 emittenda
758 3471 824 3539 (vid.
834 3471 1057 3542 Inteto'genzbtatt
1067 3473 1114 3525 der
1122 3473 1196 3544 Aug.

122 3555 176 3609 lit.
188 3556 317 3626 Zeitunffi
334 3553 403 3627 1796.
413 3555 465 3607 b'o.
483 3553 556 3622 ab),
572 3554 617 3607 aed
632 3573 763 3625 uunquam
782 3554 811 3605 iu
825 3551 956 3626 publicum
971 3552 1073 3626 prodiit.
1085 3553 1194 3606 Easdem

123 3659 206 3709 nuper
216 3639 301 3714 copias
311 3659 399 3692 omnes
408 3677 416 3705 ,
425 3638 535 3692 librariae
544 3636 746 3692 Weidmanuiae
758 3656 807 3692 cere
818 3636 973 3713 redemptas,
988 3651 1044 3712 post
1051 3635 1128 3690 editas
1142 3636 1194 3708 jam

122 3745 138 3780 a
148 3723 296 3798 liubkoplio
306 3737 331 3776 et
341 3744 356 3778 a
367 3722 482 3778 Matthia
491 3723 616 3794 Epistulas
627 3721 744 3788 Senecae,
756 3723 785 3776 iu
793 3720 934 3796 llubltoptii
940 3741 1032 3776 mous
1042 3720 1192 3797 peruenisse,

123 3811 175 3886 ipae
186 3809 297 3864 docetiu
307 3809 396 3864 eaden
408 3811 509 3864 Prtlat.
521 3829 546 3885 p.
558 3829 571 3878 7
581 3829 619 3880 sq.
629 3827 750 3882 spemque
761 3807 809 3860 sibi
821 3810 913 3862 laetam
924 3805 1067 3880 siguificat,
1078 3827 1137 3861 mor
1146 3825 1195 3860 ae-

123 3911 235 3946 cessuras
246 3889 321 3945 etiam
334 3893 524 3946 Vaticanomm
536 3890 719 3944 nonnullorum
730 3909 760 3943 ac
769 3888 983 3942 I'lorentinornm
993 3891 1107 3942 codicum
1115 3888 1196 3940 colla-

123 3977 214 4030 tiones.
221 3975 302 4044 Quod
309 3975 342 4047 ad
352 3976 500 4030 Lectionum
511 3975 655 4028 varietatem
666 3986 762 4044 spectat
771 3972 1058 4050 exbrgeutoratcnsibus
1068 3970 1195 4025 codicibus

122 4081 180 4116 eura
191 4060 310 4116 Feaalero
322 4062 535 4129 communicatas,
547 4060 655 4114 obscuro
670 4061 783 4128 quodam
798 4058 894 4114 iudicio
909 4058 1053 4133 nuperrime
1066 4054 1196 4120 intellexi,

124 4149 200 4201 luisse
212 4147 285 4201 illam
296 4146 329 4201 ab
346 4146 444 4200 erudito
461 4147 524 4200 olim
539 4147 636 4220 collega
654 4165 713 4199 meo
726 4157 751 4198 et
760 4145 787 4198 iu
808 4143 1023 4204 bibliothecarum
1038 4142 1195 4218 publicarum

123 4251 182 4284 cura
195 4250 344 4306 praecessore
355 4231 478 4284 Oberlino
491 4245 656 4304 procuratam.

156 4319 170 4350 ¹
181 4319 215 4371 ln
225 4316 417 4392 Programmate
427 4335 502 4390 supra
511 4327 651 4370 memorato
658 4355 666 4382 ,
678 4338 701 4392 p.
714 4319 737 4382 4.

222 4440 287 4506 111.
874 4412 877 4421 ’
1030 4456 1049 4498 2
