2975 4992
467 435 731 506 EPISTOLA
754 437 785 504 1.
1113 433 1156 519 43

90 566 140 636 bil
169 565 376 658 agentibus,
402 543 471 636 totd
496 568 565 636 vitu
593 565 686 636 uliud
712 567 904 662 egentibus.
937 557 1048 656 Quem
1074 563 1158 631 mihi
1186 585 1200 617 ²

90 681 203 763 dabis,
223 683 285 773 qui
302 681 441 774 aliquod
459 683 606 774 pretium
622 685 768 776 'tempori
788 685 916 777 ponet?
927 684 988 775 qui
1001 681 1092 751 diem
1104 703 1161 748 ees-

91 798 207 866 timet¹
229 799 246 865 i
267 798 325 890 qui
353 797 521 892 intelligat
546 821 582 866 se
605 797 759 890 quotidie
781 798 897 868 mori?
915 802 956 868 lu
979 799 1045 866 hoc
1068 797 1160 864 euim

92 913 265 999 fallimur,
283 913 375 1005 quod
392 928 534 983 mortem
548 913 817 1006 prospicimus²z
838 937 960 1009 magua
974 936 1051 1007 pare
1070 899 1163 1004 ³ejus

87 1029 159 1121 jam
193 1022 599 1122 praeterii13quidquid⁴
626 1030 733 1098 aetetis
757 1046 850 1099 retro
870 1046 920 1098 eet
947 1053 1036 1097 mors
1055 1040 1159 1095 tenet.

91 1138 165 1204 Fac
190 1159 295 1230 ergo,
324 1139 370 1204 mi
399 1136 536 1221 Lucill,
555 1135 647 1227 quod
672 1135 785 1204 lacere
817 1152 850 1205 te
872 1134 1018 1241 scribis,
1049 1155 1166 1202 omues

92 1253 199 1321 home
219 1249 459 1347 complectere!
483 1252 634 1332 eludet,
656 1268 693 1320 ut
716 1253 827 1321 minus
849 1276 889 1320 ex
906 1254 1053 1320 crastino
1080 1273 1168 1344 peu-

94 1365 178 1436 deas
188 1362 216 1452 ⁵,
227 1371 255 1436 ei
266 1369 433 1438 hodierno
443 1394 578 1437 menum
590 1359 784 1460 injeceris⁶.
795 1371 884 1438 Dum
894 1367 1069 1438 differtur⁷
1081 1366 1164 1450 vite,

94 1532 167 1581 made
177 1531 333 1598 agentibus,
345 1549 442 1600 nsogua
453 1529 520 1582 nihil
533 1547 609 1600 agen·
658 1541 722 1581 nunt
733 1539 840 1583 mortem
849 1529 944 1599 promi
951 1529 1169 1596 erseconjutmuu

93 1605 174 1660 libro.
183 1607 304 1663 Siceditt.
312 1607 468 1661 llom.'l'arv.
476 1607 543 1660 Ven.
551 1625 609 1660 cum
658 1607 816 1662 interlineas
828 1628 887 1662 rero
900 1609 927 1659 in
939 1627 961 1661 c.
973 1605 1026 1660 bec
1036 1604 1168 1678 adscripto,

94 1683 189 1736 uostris
201 1705 261 1737 mss.
273 1705 299 1737 o.
311 1698 335 1738 et
345 1686 370 1737 b.
380 1697 404 1739 et
413 1685 469 1737 Per.
479 1707 505 1737 a.
516 1689 543 1754 b,
551 1685 576 1737 d.
586 1696 609 1736 et
655 1688 1170 1754 pmspr'cimus,remotornesseputomus.

94 1763 190 1832 Ampd.
202 1764 310 1835 aliisque
325 1763 428 1817 Gruteri
440 1781 447 1816 ε
458 1783 534 1835 quem
545 1761 610 1816 scri-
658 1761 738 1817 Scio.
746 1791 780 1804 -
788 1763 925 1840 vulgatum
939 1760 1081 1820 Erasmiani
1096 1772 1169 1832 etque

94 1853 214 1916 pturam,
227 1855 256 1894 ut
267 1841 336 1895 baud
350 1842 425 1895 dubie
438 1863 540 1908 rerem,
560 1841 610 1914 jem
661 1843 704 1898 alii
719 1858 821 1899 tuentur
835 1859 859 1899 et
873 1843 1013 1899 doctiorem
1030 1854 1055 1894 et
1073 1841 1170 1894 Seneca
1202 1835 1206 1842 ’

95 1917 161 1970 olim
169 1939 199 1970 ex
207 1933 316 1991 quotuor
328 1919 483 1974 Gallicorum
496 1921 609 1974 codicum
661 1923 811 1996 digniorem.
825 1922 968 1994 prospicere
980 1934 1018 1976 est
1028 1941 1057 1974 ex
1067 1919 1118 1974 alto
1129 1917 1172 1970 vi-

96 2015 226 2050 consensu
234 1999 609 2074 commendaverntOpsopoeus‚
661 1999 720 2052 dore
729 2041 738 2064 ,
754 2000 861 2072 ideoque
879 2015 985 2054 ventura
1003 2014 1027 2054 et
1042 2018 1099 2072 quse
1114 2018 1171 2072 pro-

96 2094 178 2144 quum
191 2089 331 2150 permitteta
344 2079 477 2131 verborum
489 2079 547 2132 scde
558 2079 612 2152 pri·
660 2079 702 2134 cul
713 2081 804 2134 obsunt
814 2079 1016 2150 (Drakenborch.
1027 2078 1059 2133 ad
1070 2077 1171 2130 Livium

97 2171 170 2204 11111111
189 2175 292 2224 magno
311 2177 395 2226 pars,
408 2157 466 2210 dein
488 2161 613 2212 monimo
661 2157 753 2225 XXII,
765 2157 1173 2232 b‚8).Vnrietuseteriguoran-

98 2231 167 2284 nidi!
175 2253 220 2302 og.
233 2235 353 2306 posuisset
362 2237 496 2304 Erasmus,
510 2251 539 2290 ut
550 2236 613 2291 scri-
660 2235 710 2298 tie.
722 2236 1040 2308 qualaborabantlibrarii,
1051 2234 1172 2289 acutioris

99 2308 167 2362 bitur
185 2311 214 2364 in
232 2326 318 2366 nostro
331 2314 501 2368 recentissimo
518 2315 573 2369 cod·
592 2336 612 2369 c.
662 2311 732 2379 dicti,
746 2326 792 2368 ete
802 2315 942 2389 captatione
953 2315 1108 2389 argutiarum
1119 2325 1173 2366 orta

100 2399 123 2440 et
136 2387 165 2440 in
178 2389 219 2442 ed.
232 2391 371 2444 A.-Totn
384 2396 440 2445 vito
450 2395 527 2445 aliud
535 2412 612 2464 ogen-
661 2401 713 2454 est,
729 2391 854 2462 jndicibus
868 2393 973 2446 Erasmo
988 2406 1013 2446 et
1029 2391 1123 2464 Lipsio.
1138 2390 1173 2444 fl.

99 2467 177 2520 tibus.
184 2465 282 2522 Vocnb.
291 2471 364 2535 vito,
376 2471 446 2540 qnod
456 2469 515 2522 inde
529 2469 560 2521 ab
572 2469 612 2521 ed.
660 2493 694 2507 ·-
704 2467 798 2520 Lucide
806 2469 881 2522 vertit
889 2469 1124 2540 LogmugerNotre
1132 2487 1172 2521 er·

99 2543 170 2596 Ven.
184 2545 384 2610 r‚omittebntur
395 2546 482 2620 vulgo,
493 2558 558 2600 recte
570 2543 613 2597 ad·
662 2563 721 2596 rrur
729 2556 769 2598 est
780 2549 812 2599 de
822 2567 854 2600 ne
866 2553 923 2600 voe'r
937 2552 966 2602 Iu
982 2558 1052 2600 mort
1067 2565 1116 2618 que
1130 2547 1174 2598 de·

100 2623 193 2694 jectum
211 2622 303 2676 dedere
324 2625 402 2678 nostri
421 2645 448 2678 a·
469 2637 494 2677 et
512 2626 537 2677 b.
555 2643 613 2676 cum
662 2627 871 2680 summumne
878 2624 1175 2696 estderrr'errcngrunde

100 2704 194 2770 Ampe
207 2715 231 2754 et
243 2703 308 2756 Par.
325 2723 351 2756 a.
364 2703 388 2756 b.
403 2703 430 2754 d.
440 2702 545 2774 ollisque
555 2721 615 2755 me·
659 2707 755 2773 portic.

100 2781 208 2834 lioribus
221 2781 302 2834 libris.
315 2781 347 2833 ln
359 2793 477 2834 nostroe.
491 2801 540 2833 vox
558 2783 613 2833 vila
695 2781 719 2832 3.
739 2781 812 2835 Pars
832 2788 895 2847 eius.
919 2781 950 2833 ln
968 2782 1094 2851 Amplon.
1113 2801 1175 2836 vero

101 2859 262 2912 interlineas
275 2859 400 2933 adscripto
414 2871 457 2912 est
473 2859 523 2912 Pro
536 2860 615 2910 aliud
634 2927 640 2936 .
662 2859 778 2912 scribitur
789 2864 843 2927 ejus
853 2859 1015 2932 parnScbw.

103 2949 197 2991 temere
209 2939 315 3008 aliquid
325 2951 361 2991 est
373 2938 400 2991 in
411 2937 451 2990 ed.
462 2939 497 2992 Α.
508 2935 590 2990 Schts.
694 2937 718 3002 4.
732 2937 879 3008 Quidquid.
901 2939 945 2992 sic
965 2950 1049 2991 noster
1060 2960 1080 2993 c.
1098 2957 1173 3010 quam

138 3035 159 3066 ι.
172 3013 312 3068 AEsn'mee.
325 3017 447 3069 Extimet
457 3033 501 3066 ms.
513 3034 533 3067 r.
542 3013 578 3066 sic
590 3025 614 3066 et
662 3011 789 3067 scribendi
812 3015 954 3083 rationem,
975 3017 1036 3069 inde
1053 3037 1067 3069 a
1082 3013 1175 3086 Lipse'o

102 3091 146 3144 alii
167 3110 383 3163 nonnunquam
408 3093 477 3146 unde
505 3091 613 3146 subinde
661 3090 812 3166 vulgatam,
833 3106 975 3147 constanter
1000 3094 1094 3159 tenui;
1117 3094 1175 3146 lieet

103 3185 245 3244 permutato
258 3174 324 3224 inter
334 3193 361 3224 se
376 3172 450 3224 verba
462 3175 609 3240 testimon,
662 3171 789 3242 quicquid
800 3171 910 3225 scribant
921 3194 946 3224 a.
963 3187 986 3225 et
1003 3174 1027 3226 b.
1042 3193 1100 3226 cum
1116 3172 1141 3225 h.
1155 3171 1174 3224 l.

104 3264 127 3306 el
139 3253 314 3312 exs'stimare,
335 3251 548 3324 quemadmodum
565 3249 614 3303 hoc
662 3259 716 3300 lum
728 3249 875 3323 plerumque
891 3252 962 3305 alibi.
974 3251 1036 3319 (sic
1047 3252 1122 3326 paulo
1134 3255 1175 3304 in·

104 3331 156 3403 ipso
170 3327 230 3381 loeo
239 3331 374 3382 existriuet
385 3328 459 3380 babet
471 3327 511 3380 ed.
524 3328 560 3380 A.
576 3327 605 3380 S.
664 3328 701 3379 l'rn
711 3365 718 3392 ‚
730 3329 746 3398 §
758 3328 792 3394 3,
811 3334 950 3400 quicquam
969 3329 1083 3383 scribunt
1098 3329 1175 3382 iidem

135 3403 432 3473 2.Mortemprospirim.
440 3405 553 3459 Siorecte
561 3405 616 3458 edi·
664 3426 722 3459 mss.
733 3429 760 3460 a.
773 3421 797 3460 et
810 3409 834 3462 b.
845 3408 890 3462 ubi
898 3429 943 3462 nos
952 3429 1009 3462 cum
1021 3430 1041 3462 c.
1049 3410 1176 3462 tenuimus

104 3497 143 3535 tur
151 3483 213 3535 iude
224 3482 255 3535 ab
265 3483 361 3537 Erasm.
369 3483 431 3536 eds
443 3483 616 3537 consentiente
664 3485 825 3556 puldpoam,
837 3495 863 3540 et
873 3487 954 3560 ipsum
967 3487 998 3539 ab
1011 3486 1100 3540 eodem
1115 3485 1175 3540 inde

103 3571 191 3614 nostro
201 3561 269 3630 Arg.
281 3581 307 3612 α.
319 3573 344 3613 et
355 3562 421 3615 Par.
431 3582 458 3614 a.
469 3564 493 3616 b.
503 3566 529 3616 ed
543 3563 616 3616 eliis·-
665 3561 749 3638 Lipsio
759 3566 915 3640 vulgatum.)
930 3566 1009 3620 Scbw.

104 3659 151 3710 que
174 3639 278 3712 optimis
297 3641 438 3713 quibusque
458 3641 529 3696 libris
546 3661 553 3695 ε
568 3661 617 3716 ειι-ι
698 3641 1175 3715 5.Eoecroste'nopendeos.Unusnos·

104 3739 180 3791 perne
193 3735 278 3773 antem
295 3721 322 3773 in
334 3722 397 3775 Por.
408 3743 433 3777 u.
446 3737 470 3777 et
481 3724 505 3777 b.
517 3724 617 3779 ndscri-
663 3733 702 3774 ter
714 3721 771 3773 cod.
781 3743 806 3774 a.
816 3722 892 3777 babet
902 3726 933 3775 de
944 3735 1021 3777 crast.
1029 3726 1108 3794 pond.
1118 3724 1148 3777 S.

105 3811 174 3870 ptum
194 3799 331 3866 scholion,
353 3805 432 3872 qnasi
449 3808 539 3872 pmcn!
559 3822 617 3857 esse
697 3799 720 3852 li.
742 3799 787 3854 Sic
799 3801 912 3872 fiet.·....·
929 3806 1048 3866 infeceris·
1077 3803 1175 3874 Lipsius

103 3881 260 3945 conjicimus.
276 3877 409 3952 Perpernm
423 3893 507 3933 noster
520 3883 543 3934 b.
558 3899 615 3934 cum
664 3875 750 3930 laudat
763 3876 886 3932 Senecam
903 3879 934 3932 de
948 3879 1043 3933 Brevit.
1058 3879 1095 3932 vit
1118 3876 1172 3946 tx,

105 3953 143 4008 ed.
154 3955 233 4008 Rom.
245 3954 319 4008 habet
331 3965 438 4010 mortem
449 3979 500 4011 non
508 3961 615 4029 pmspi-
668 3977 687 4009 t·
706 3960 746 4011 Ne
767 3959 872 4032 effugiat
886 3973 981 4032 tempus
992 3999 1000 4024 ‚
1023 3959 1060 4012 uti
1076 3959 1174 4013 occasio

104 4036 242 4086 rimasset
254 4033 282 4085 in
293 4034 358 4087 Par.
369 4037 395 4088 d.
405 4036 552 4107 particulam
565 4057 615 4090 nou
665 4035 730 4106 opud
742 4033 1098 4103 PhaedmmFahb.V‚8,vi
1109 4033 1175 4088 illud
1272 4065 1277 4072 ·

106 4111 229 4164 recentior
241 4131 331 4164 maures
342 4111 440 4182 adjecit.
455 4113 548 4167 Contra
563 4135 615 4166 no·
663 4115 780 4169 retineas,
793 4114 883 4168 Ruth.

106 4201 153 4244 ster
163 4207 237 4243 mse.
254 4201 278 4243 et
297 4189 336 4242 ed.
349 4192 384 4242 A.
396 4190 421 4243 in
434 4202 548 4245 contextu
564 4213 615 4266 po·-
692 4189 719 4262 '7.
737 4191 812 4245 Dum
826 4193 1002 4264 drffirtur.......
1015 4197 1176 4248 transcurrit.
