2975 4992
316 385 382 478 472
603 379 645 448 L.
671 377 852 447 ANNAEI
874 375 1092 446 SENECAE

273 539 289 574 u
315 511 428 608 medio
442 511 544 604 positi
556 514 582 596 ¹,
603 511 663 604 qui
683 503 788 578 multa
804 509 1019 602 principibus
1034 509 1181 598 debent,
1205 509 1267 579 sed
1279 509 1405 579 multa

316 645 350 697 et
363 629 530 722 imputant
540 631 574 710 ²3
590 626 715 718 quibus
728 649 904 717 nunquam
917 642 984 694 tam
1001 627 1103 720 plene
1117 650 1300 698 oecumere
1321 624 1405 694 ulla

315 742 502 813 liberalitas
519 755 650 833 potest,
672 755 712 806 ut
730 737 934 832 cupiditates
953 741 1110 827 illorum,
1133 765 1211 836 qum
1225 757 1405 809 crescunt

222 941 226 950 Ι
314 861 396 928 dum
414 858 611 952 implentur,
631 855 782 924 exsatiet.
803 855 969 949 Quisquis
989 873 1101 926 autem
1122 857 1164 926 de
1183 853 1402 950 accipiendo

315 978 456 1070 cogitat,
474 975 598 1043 oblitus
606 975 736 1066 accepti
749 988 820 1059 est3
836 997 900 1042 nec
914 972 1021 1042 ullum
1034 975 1138 1043 babet
1150 975 1278 1044 malum
1290 973 1404 1064 cupi·
1462 999 1463 1020 ¹

274 1106 290 1164 3
316 1089 404 1159 ditas
417 1090 543 1183 majus,
558 1113 659 1182 quam
673 1087 766 1181 quod
780 1091 914 1181 ingrata
924 1105 988 1159 est.
1002 1088 1122 1184 Adjice
1135 1113 1248 1172 nunc,
1269 1084 1403 1181 ³<pereni

315 1227 568 1285 nemorensem,
589 1202 701 1295 quiin
724 1201 897 1296 republica
918 1218 1116 1287 versantur,
1139 1227 1225 1294 quos
1244 1203 1397 1282 vincat,
1462 1245 1463 1302 p

316 1319 377 1390 sed
401 1346 422 1390 a
445 1320 570 1412 quibus
589 1319 766 1401 vincatur,
793 1318 933 1412 aspicit3
950 1334 985 1387 et
1007 1319 1074 1387 illis
1087 1341 1155 1388 non
1176 1335 1244 1387 tam
1263 1321 1403 1412 jucun-

316 1437 397 1508 dum
411 1420 480 1524 est,
498 1436 619 1503 multos
639 1450 715 1528 post
735 1459 772 1502 se
796 1433 930 1514 videre,
959 1459 1061 1526 quam
1085 1459 1205 1529 grave,
1235 1435 1399 1528 aliquem
1462 1453 1463 1472 ³

315 1569 398 1624 ante
411 1578 460 1621 se.
479 1552 590 1622 Habet
606 1552 674 1620 hoc
690 1551 811 1620 vitium
825 1550 934 1620 omnis
951 1550 1089 1618 ambitio
1107 1577 1116 1618 ι
1136 1575 1207 1620 non
1227 1554 1395 1646 respicit.

315 1667 536 1737 Necambitio
546 1683 677 1736 tantum
688 1665 855 1734 instabilis
864 1679 1066 1750 est,verum
1075 1668 1245 1762 cupiditas
1255 1674 1395 1754 omnis3
1462 1647 1463 1696 l

275 1779 399 1879 [quin
412 1786 534 1877 incipit
548 1807 711 1876 sempera
726 1775 831 1850 line⁴.
848 1781 892 1850 At
907 1783 965 1850 ille
979 1785 1033 1852 vir
1046 1777 1197 1854 sincerus
1211 1811 1253 1855 ac
1264 1811 1393 1881 purus,
1462 1839 1463 1868 p

312 1885 376 1995 ⁸qui
389 1901 529 1991 reliquit
541 1915 576 1967 et
590 1900 732 1983 curiam,
747 1915 781 1965 et
795 1898 917 1980 forum,
930 1915 965 1966 et
978 1923 1110 1967 omnem
1124 1895 1398 1970 administratio-

316 2040 396 2084 nem
418 2015 632 2108 reipublice,
657 2031 695 2082 ut
717 2013 762 2085 od
786 2005 949 2106 ampliora
963 2001 1154 2098 secederet,
1174 2015 1292 2110 diligit
1308 2041 1393 2100 eos,
1462 2025 1463 2062 l

316 2153 380 2225 per
390 2154 474 2221 quos
482 2131 547 2197 hoe
557 2131 588 2197 ei
600 2130 710 2196 iacere
722 2144 794 2196 tuto
804 2127 895 2214 licet,
912 2125 1110 2222 solumque⁵
1124 2132 1191 2200 illis
1202 2135 1396 2226 gratuitum
1462 2219 1463 2226 ἵ

318 2239 571 2315 testimonium⁶
586 2242 720 2327 reddit,
742 2259 777 2312 et
799 2268 953 2338 magnam
978 2269 1050 2344 rem
1071 2248 1306 2316 nescientibus
1328 2248 1394 2316 de·
1462 2227 1463 2244 ξ

317 2360 377 2429 bet
386 2365 412 2428 ⁷.
429 2360 722 2453 Quemadmodum
737 2377 963 2452 praeeeptores
977 2384 1054 2430 suos
1067 2383 1251 2432 veneratur
1261 2387 1304 2433 ac
1318 2389 1396 2432 sus·

317 2479 419 2582 picit,
441 2503 586 2574 quorum
607 2475 775 2555 beneficio
795 2475 863 2546 illis
879 2475 980 2550 inviis
997 2471 1103 2548 exiit⁸
1129 2506 1137 2549 z
1157 2480 1259 2550 sicet
1278 2483 1390 2564 ⁹bos‚

354 2741 412 2794 an
422 2738 659 2808 mediopositi:i.e.
671 2756 724 2788 non
733 2735 828 2788 seducti
876 2740 966 2790 leura
986 2741 1018 2790 de
1031 2741 1315 2811 pondesobligoeions
1327 2759 1394 2795 suns

319 2831 369 2872 ets
380 2818 452 2870 turbs
467 2816 574 2877 remoti,
583 2828 612 2868 ut
621 2812 774 2886 pbilosopbi.
784 2811 818 2862 L.
876 2816 957 2884 qu’ils
969 2818 1025 2878 s'ep
1037 2819 1150 2870 deerunt.

354 2917 377 2948 n.
387 2895 442 2949 Sed
450 2897 535 2947 multo
546 2905 570 2946 et
580 2897 728 2963 imputante
743 2903 828 2962 postu·
911 2893 933 2944 8.
947 2893 1011 2945 Illis
1021 2897 1097 2947 inviis
1108 2899 1184 2948 exiit.
1195 2895 1240 2950 Sic
1255 2895 1359 2948 Essem.
1370 2907 1394 2947 et

318 2975 372 3028 lant
382 2974 459 3026 multa
469 2993 482 3024 s
493 2972 647 3045 principibus
659 2990 702 3042 pro
714 2968 828 3022 minine·
877 2969 956 3023 editlo
970 2984 1059 3025 vetus:
1072 2973 1230 3027 conveniunt
1243 2991 1303 3025 mss.
1321 2974 1394 3026 Sen-

320 3050 364 3104 riis
372 3063 396 3103 et
406 3050 496 3103 officiis
504 3061 578 3120 ,'qure
589 3050 620 3101 iis
630 3047 755 3100 exhibent.
768 3047 803 3099 Η.
876 3067 917 3108 sus
930 3048 1056 3122 expeditus
1068 3061 1104 3102 est
1113 3067 1119 3101 ε
1128 3049 1218 3116 Stulti,
1230 3047 1395 3124 sitlipsius,

354 3131 378 3181 3.
387 3128 478 3191 Adjtce
487 3147 573 3189 nune,
586 3127 663 3195 quod.
676 3125 722 3177 llis
734 3123 827 3178 similis
876 3146 974 3200 semper
986 3141 1052 3181 extra
1070 3128 1138 3181 viam
1156 3141 1181 3182 et
1197 3129 1347 3192 errabundi.
1360 3133 1392 3183 ln

321 3221 363 3260 aut
374 3206 474 3280 gemina
484 3206 543 3259 vide
555 3206 580 3258 ll
596 3205 627 3258 de
638 3205 728 3256 Benel'.
740 3223 770 3274 ²7
782 3241 791 3270 ‚
804 3215 829 3255 et
877 3219 943 3259 recto
957 3219 980 3260 et
991 3207 1042 3259 slto
1053 3205 1165 3280 Sapiens.
1173 3207 1225 3277 Qui
1235 3207 1305 3260 invis
1318 3207 1392 3272 locs,

320 3287 360 3338 lll
373 3285 403 3337 de
415 3286 454 3336 les
467 3305 489 3337 c.
501 3281 533 3336 30
547 3297 570 3337 et
584 3283 624 3336 31.
637 3283 754 3350 Lipsius.
877 3283 1030 3338 sorbitium
1038 3283 1199 3354 relinquunt,
1207 3283 1342 3356 sapientie
1352 3306 1394 3358 sp·

353 3363 377 3428 4.
399 3365 497 3430 Incipit
514 3383 650 3432 sempera
665 3361 732 3433 fine.
755 3358 829 3412 Finis
877 3363 1054 3436 propinquans
1073 3361 1189 3415 Muretus
1205 3362 1299 3432 sconj.
1311 3361 1393 3415 dede-

320 3441 410 3504 nnius,
427 3452 464 3492 est
479 3441 579 3500 initium
590 3440 697 3493 slterius.
711 3439 767 3491 llos
785 3457 829 3489 eu·-
876 3443 992 3494 rst:i!lis
1003 3459 1030 3492 se
1039 3443 1111 3492 vitiis
1117 3443 1202 3493 exuit.
1214 3439 1342 3492 Gruterus
1352 3441 1392 3493 lo·

322 3520 402 3592 pilum
411 3517 514 3574 babeo?
524 3519 594 3573 sliud
605 3520 696 3594 cupio,
707 3526 734 3570 et
747 3515 775 3568 fit
787 3535 828 3568 se·
877 3535 934 3570 cum
945 3517 1051 3570 srsctnru
1059 3516 1148 3578 babet,
1157 3537 1233 3589 quem
1240 3537 1296 3570 non
1304 3518 1391 3570 sedin·

322 3599 370 3652 ries
382 3599 492 3662 infinite.
876 3610 954 3670 tegrst
962 3617 968 3652 ε
976 3597 1083 3654 inclinat
1091 3611 1176 3652 nmen
1185 3599 1212 3650 in
1223 3598 1302 3664 bane,
1312 3617 1391 3668 quern

356 3679 379 3728 5.
401 3675 543 3743 Solemque
562 3686 621 3728 vett.
644 3675 703 3727 libri
728 3690 827 3726 omnes·
876 3676 961 3746 lipsio
972 3689 996 3728 et
1007 3676 1139 3728 Gronovio
1150 3675 1316 3749 probantibus
1329 3713 1338 3740 ‚
1351 3695 1391 3727 re·

322 3751 409 3825 Vulgo
420 3756 540 3822 solusque
551 3771 566 3804 s
577 3755 645 3805 Mur.
657 3753 740 3806 Seius.
878 3753 988 3824 cepimus
1006 3752 1149 3805 lectionem.
1167 3751 1260 3804 Rulli.

353 3827 377 3881 6,
392 3828 544 3898 Gratuitum
558 3833 739 3884 testimonium.
752 3827 831 3880 bler-
912 3830 986 3900 9.Sic
995 3841 1021 3882 et
1030 3831 1076 3882 bos
1085 3841 1150 3883 reete
1160 3829 1391 3902 edlllattblnepte

321 3903 383 3959 esde
394 3905 447 3960 ullu
456 3946 463 3974 ,
473 3920 517 3960 sut
528 3907 625 3991 privato
639 3903 766 3958 beneficio
778 3919 831 3954 uon
880 3910 958 3982 vulgo
966 3909 1080 3962 sicam
1091 3947 1098 3973 2
1110 3907 1155 3960 scil
1174 3908 1243 3977 quod
1253 3907 1391 3979 savonae.

322 3997 442 4058 emptum.
874 3999 912 4039 ret
923 3986 1080 4057 procedenti
1091 3989 1155 4039 iilis.
1167 3985 1210 4038 Sic
1220 3989 1281 4038 etin
1295 3986 1339 4038 isis
1352 3986 1391 4038 ed.

355 4083 378 4130 7.
393 4065 430 4118 Et
443 4085 570 4135 magnum
587 4083 641 4117 rem
659 4062 828 4115 nescientibus
878 4065 912 4118 lt.
924 4083 981 4135 quse
990 4064 1065 4136 paulo
1075 4075 1146 4126 ante,
1159 4062 1245 4116 divisis
1258 4063 1391 4128 vocibus,

322 4141 402 4203 Μ
417 4141 488 4194 Bene
504 4141 578 4196 vertit
588 4141 728 4212 lagmnge
742 4137 831 4194 :Eril
878 4145 971 4195 illisio
982 4146 1037 4220 viis
1048 4141 1164 4195 bsbebst.
1175 4141 1264 4194 Ruit.
