<?xml version="1.0" encoding="UTF-8"?>
<!DOCTYPE html PUBLIC "-//W3C//DTD XHTML 1.0 Transitional//EN"
    "http://www.w3.org/TR/xhtml1/DTD/xhtml1-transitional.dtd">
<html xmlns="http://www.w3.org/1999/xhtml" xml:lang="en" lang="en">
 <head>
  <title>
</title>
<meta http-equiv="Content-Type" content="text/html;charset=utf-8" />
  <meta name='ocr-system' content='tesseract 3.04.00' />
  <meta name='ocr-capabilities' content='ocr_page ocr_carea ocr_par ocr_line ocrx_word'/>
</head>
<body>
  <div class='ocr_page' id='page_1' title='image "./lannsenecparspr03bouigoog_0336.png"; bbox 0 0 2975 4992; ppageno 0'>
   <div class='ocr_carea' id='block_1_1' title="bbox 274 425 1042 564">
    <p class='ocr_par' dir='ltr' id='par_1_1' title="bbox 274 425 1042 564">
     <span class='ocr_line' id='line_1_1' title="bbox 274 425 1042 564; baseline -0.038 -15"><span class='ocrx_word' id='word_1_1' title='bbox 274 477 342 564; x_wconf 69' lang='lat'><strong>324</strong></span> <span class='ocrx_word' id='word_1_2' title='bbox 557 469 598 535; x_wconf 78' lang='lat' dir='ltr'><strong>n.</strong></span> <span class='ocrx_word' id='word_1_3' title='bbox 623 425 1042 531; x_wconf 70' lang='lat' dir='ltr'><strong>lauressam-:cn</strong></span> 
     </span>
    </p>
   </div>
   <div class='ocr_carea' id='block_1_2' title="bbox 218 573 1351 810">
    <p class='ocr_par' dir='ltr' id='par_1_2' title="bbox 218 573 1351 810">
     <span class='ocr_line' id='line_1_2' title="bbox 218 573 1349 701; baseline -0.028 -28"><span class='ocrx_word' id='word_1_4' title='bbox 218 639 248 673; x_wconf 85' lang='grc' dir='ltr'><strong>ιι</strong></span> <span class='ocrx_word' id='word_1_5' title='bbox 274 630 361 701; x_wconf 82' lang='lat' dir='ltr'><strong>quoa</strong></span> <span class='ocrx_word' id='word_1_6' title='bbox 376 600 445 671; x_wconf 87' lang='lat' dir='ltr'><strong>no&#39;n</strong></span> <span class='ocrx_word' id='word_1_7' title='bbox 461 611 558 693; x_wconf 78' lang='lat' dir='ltr'><strong>potes</strong></span> <span class='ocrx_word' id='word_1_8' title='bbox 578 595 652 687; x_wconf 83' lang='lat' dir='ltr'><strong>ipae</strong></span> <span class='ocrx_word' id='word_1_9' title='bbox 674 586 844 659; x_wconf 79' lang='lat' dir='ltr'><strong>laudare?</strong></span> <span class='ocrx_word' id='word_1_10' title='bbox 862 580 1059 655; x_wconf 72' lang='lat' dir='ltr'>Disserebat</span> <span class='ocrx_word' id='word_1_11' title='bbox 1076 577 1203 674; x_wconf 88' lang='lat' dir='ltr'><strong>populo</strong></span> <span class='ocrx_word' id='word_1_12' title='bbox 1219 573 1349 645; x_wconf 88' lang='lat' dir='ltr'><strong>Fabia-</strong></span> 
     </span>
     <span class='ocr_line' id='line_1_3' title="bbox 274 692 1351 810; baseline -0.033 -17"><span class='ocrx_word' id='word_1_13' title='bbox 274 726 380 810; x_wconf 78' lang='lat' dir='ltr'><strong>nne¹3</strong></span> <span class='ocrx_word' id='word_1_14' title='bbox 396 715 457 788; x_wconf 80' lang='lat' dir='ltr'><strong>aed</strong></span> <span class='ocrx_word' id='word_1_15' title='bbox 469 710 673 783; x_wconf 82' lang='lat' dir='ltr'>audiebatur</span> <span class='ocrx_word' id='word_1_16' title='bbox 686 704 835 775; x_wconf 74' lang='lat' dir='ltr'><strong>modeste</strong></span> <span class='ocrx_word' id='word_1_17' title='bbox 852 728 861 769; x_wconf 74' lang='grc' dir='ltr'><strong>ι</strong></span> <span class='ocrx_word' id='word_1_18' title='bbox 877 697 1080 792; x_wconf 80' lang='lat' dir='ltr'>erumpebat</span> <span class='ocrx_word' id='word_1_19' title='bbox 1093 692 1266 764; x_wconf 88' lang='lat' dir='ltr'><strong>interdum</strong></span> <span class='ocrx_word' id='word_1_20' title='bbox 1275 715 1351 759; x_wconf 90' lang='lat' dir='ltr'><strong>ma·</strong></span> 
     </span>
    </p>
   </div>
   <div class='ocr_carea' id='block_1_3' title="bbox 273 805 1352 1275">
    <p class='ocr_par' dir='ltr' id='par_1_3' title="bbox 273 805 1352 1275">
     <span class='ocr_line' id='line_1_4' title="bbox 275 805 1350 935; baseline -0.033 -26"><span class='ocrx_word' id='word_1_21' title='bbox 275 862 362 935; x_wconf 80' lang='lat' dir='ltr'><strong>gnua</strong></span> <span class='ocrx_word' id='word_1_22' title='bbox 388 835 515 907; x_wconf 85' lang='lat' dir='ltr'><strong>clamor</strong></span> <span class='ocrx_word' id='word_1_23' title='bbox 534 825 766 914; x_wconf 81' lang='lat' dir='ltr'><strong>laudantium,</strong></span> <span class='ocrx_word' id='word_1_24' title='bbox 797 816 859 887; x_wconf 86' lang='lat' dir='ltr'><strong>aed</strong></span> <span class='ocrx_word' id='word_1_25' title='bbox 878 838 983 909; x_wconf 85' lang='lat' dir='ltr'><strong>quem</strong></span> <span class='ocrx_word' id='word_1_26' title='bbox 1011 835 1127 882; x_wconf 91' lang='lat' dir='ltr'><strong>rerum</strong></span> <span class='ocrx_word' id='word_1_27' title='bbox 1148 805 1350 903; x_wconf 79' lang='lat' dir='ltr'><strong>magnitudo</strong></span> 
     </span>
     <span class='ocr_line' id='line_1_5' title="bbox 274 924 1352 1032; baseline -0.035 -4"><span class='ocrx_word' id='word_1_28' title='bbox 274 964 490 1032; x_wconf 78' lang='lat' dir='ltr'><strong>evocaverat,</strong></span> <span class='ocrx_word' id='word_1_29' title='bbox 508 970 578 1015; x_wconf 91' lang='lat' dir='ltr'><strong>non</strong></span> <span class='ocrx_word' id='word_1_30' title='bbox 591 965 693 1012; x_wconf 76' lang='lat' dir='ltr'><strong>nonne</strong></span> <span class='ocrx_word' id='word_1_31' title='bbox 704 937 877 1006; x_wconf 74' lang='lat' dir='ltr'><strong>inoffensae</strong></span> <span class='ocrx_word' id='word_1_32' title='bbox 888 957 929 1003; x_wconf 89' lang='lat' dir='ltr'><strong>ae</strong></span> <span class='ocrx_word' id='word_1_33' title='bbox 938 931 1088 1001; x_wconf 90' lang='lat' dir='ltr'><strong>molliter</strong></span> <span class='ocrx_word' id='word_1_34' title='bbox 1101 927 1263 999; x_wconf 84' lang='lat' dir='ltr'><strong>orationia</strong></span> <span class='ocrx_word' id='word_1_35' title='bbox 1275 924 1352 991; x_wconf 87' lang='lat' dir='ltr'><strong>cla-</strong></span> 
     </span>
     <span class='ocr_line' id='line_1_6' title="bbox 273 1032 1346 1165; baseline -0.034 -25"><span class='ocrx_word' id='word_1_36' title='bbox 273 1092 356 1165; x_wconf 72' lang='lat' dir='ltr'><strong>pate.</strong></span> <span class='ocrx_word' id='word_1_37' title='bbox 376 1062 517 1135; x_wconf 74' lang='lat' dir='ltr'><strong>Intersit</strong></span> <span class='ocrx_word' id='word_1_38' title='bbox 529 1054 660 1151; x_wconf 90' lang='lat' dir='ltr'><strong>aliquid</strong></span> <span class='ocrx_word' id='word_1_39' title='bbox 681 1055 773 1120; x_wconf 89' lang='lat' dir='ltr'><strong>inter</strong></span> <span class='ocrx_word' id='word_1_40' title='bbox 791 1049 972 1117; x_wconf 87' lang='lat' dir='ltr'><strong>clamorem</strong></span> <span class='ocrx_word' id='word_1_41' title='bbox 986 1044 1131 1125; x_wconf 82' lang='lat' dir='ltr'><strong>theatri,</strong></span> <span class='ocrx_word' id='word_1_42' title='bbox 1147 1055 1182 1109; x_wconf 93' lang='lat' dir='ltr'><strong>et</strong></span> <span class='ocrx_word' id='word_1_43' title='bbox 1196 1032 1346 1107; x_wconf 84' lang='lat' dir='ltr'><strong>acholae!</strong></span> 
     </span>
     <span class='ocr_line' id='line_1_7' title="bbox 275 1149 1349 1275; baseline -0.032 -22"><span class='ocrx_word' id='word_1_44' title='bbox 275 1200 326 1253; x_wconf 84' lang='lat' dir='ltr'><strong>eat</strong></span> <span class='ocrx_word' id='word_1_45' title='bbox 343 1182 458 1275; x_wconf 88' lang='lat' dir='ltr'><strong>aliqua</strong></span> <span class='ocrx_word' id='word_1_46' title='bbox 476 1192 511 1245; x_wconf 90' lang='lat' dir='ltr'><strong>et</strong></span> <span class='ocrx_word' id='word_1_47' title='bbox 523 1168 685 1242; x_wconf 89' lang='lat' dir='ltr'><strong>laudandi</strong></span> <span class='ocrx_word' id='word_1_48' title='bbox 701 1166 876 1235; x_wconf 82' lang='lat' dir='ltr'><strong>licentia².</strong></span> <span class='ocrx_word' id='word_1_49' title='bbox 889 1160 1055 1231; x_wconf 86' lang='lat' dir='ltr'><strong>Omnium</strong></span> <span class='ocrx_word' id='word_1_50' title='bbox 1069 1149 1222 1239; x_wconf 81' lang='lat' dir='ltr'><strong>rerum³,</strong></span> <span class='ocrx_word' id='word_1_51' title='bbox 1237 1153 1267 1222; x_wconf 83' lang='lat' dir='ltr'><strong>ai</strong></span> <span class='ocrx_word' id='word_1_52' title='bbox 1282 1151 1349 1221; x_wconf 91' lang='lat' dir='ltr'><strong>ob-</strong></span> 
     </span>
    </p>
   </div>
   <div class='ocr_carea' id='block_1_4' title="bbox 275 1268 1350 1617">
    <p class='ocr_par' dir='ltr' id='par_1_4' title="bbox 275 1268 1350 1617">
     <span class='ocr_line' id='line_1_8' title="bbox 275 1268 1349 1377; baseline -0.032 -8"><span class='ocrx_word' id='word_1_53' title='bbox 275 1312 468 1377; x_wconf 75' lang='lat' dir='ltr'><strong>serventur,</strong></span> <span class='ocrx_word' id='word_1_54' title='bbox 487 1290 615 1359; x_wconf 85' lang='lat' dir='ltr'><strong>indicia</strong></span> <span class='ocrx_word' id='word_1_55' title='bbox 628 1278 730 1353; x_wconf 86' lang='lat' dir='ltr'><strong>aunt⁴</strong></span> <span class='ocrx_word' id='word_1_56' title='bbox 745 1311 754 1349; x_wconf 76' lang='grc' dir='ltr'><strong>ι</strong></span> <span class='ocrx_word' id='word_1_57' title='bbox 771 1297 805 1350; x_wconf 92' lang='lat' dir='ltr'><strong>et</strong></span> <span class='ocrx_word' id='word_1_58' title='bbox 825 1292 1065 1372; x_wconf 75' lang='lat' dir='ltr'><strong>argumentum</strong></span> <span class='ocrx_word' id='word_1_59' title='bbox 1082 1296 1213 1343; x_wconf 89' lang='lat' dir='ltr'><strong>morum</strong></span> <span class='ocrx_word' id='word_1_60' title='bbox 1226 1294 1267 1338; x_wconf 83' lang='lat' dir='ltr'><strong>ex</strong></span> <span class='ocrx_word' id='word_1_61' title='bbox 1280 1268 1349 1336; x_wconf 89' lang='lat' dir='ltr'><strong>rni-</strong></span> 
     </span>
     <span class='ocr_line' id='line_1_9' title="bbox 275 1392 1349 1507; baseline -0.033 -20"><span class='ocrx_word' id='word_1_62' title='bbox 275 1418 377 1487; x_wconf 83' lang='lat' dir='ltr'><strong>nimia</strong></span> <span class='ocrx_word' id='word_1_63' title='bbox 390 1432 528 1507; x_wconf 89' lang='lat' dir='ltr'><strong>quoque</strong></span> <span class='ocrx_word' id='word_1_64' title='bbox 542 1407 622 1474; x_wconf 86' lang='lat' dir='ltr'><strong>licet</strong></span> <span class='ocrx_word' id='word_1_65' title='bbox 635 1422 771 1494; x_wconf 84' lang='lat' dir='ltr'><strong>capere.</strong></span> <span class='ocrx_word' id='word_1_66' title='bbox 789 1393 1005 1490; x_wconf 76' lang='lat' dir='ltr'><strong>impudicum</strong></span> <span class='ocrx_word' id='word_1_67' title='bbox 1018 1407 1054 1461; x_wconf 94' lang='lat' dir='ltr'><strong>et</strong></span> <span class='ocrx_word' id='word_1_68' title='bbox 1067 1392 1216 1459; x_wconf 80' lang='lat' dir='ltr'><strong>inceaana</strong></span> <span class='ocrx_word' id='word_1_69' title='bbox 1232 1402 1349 1456; x_wconf 78' lang='lat' dir='ltr'><strong>osten-</strong></span> 
     </span>
     <span class='ocr_line' id='line_1_10' title="bbox 276 1508 1350 1617; baseline -0.034 -14"><span class='ocrx_word' id='word_1_70' title='bbox 276 1535 347 1617; x_wconf 89' lang='lat' dir='ltr'><strong>dit,</strong></span> <span class='ocrx_word' id='word_1_71' title='bbox 368 1546 538 1599; x_wconf 80' lang='lat' dir='ltr'><strong>etmanue</strong></span> <span class='ocrx_word' id='word_1_72' title='bbox 556 1510 683 1600; x_wconf 88' lang='lat' dir='ltr'><strong>mota⁵,</strong></span> <span class='ocrx_word' id='word_1_73' title='bbox 705 1530 741 1583; x_wconf 91' lang='lat' dir='ltr'><strong>et</strong></span> <span class='ocrx_word' id='word_1_74' title='bbox 758 1536 864 1581; x_wconf 90' lang='lat' dir='ltr'><strong>unum</strong></span> <span class='ocrx_word' id='word_1_75' title='bbox 884 1508 1058 1578; x_wconf 86' lang='lat' dir='ltr'><strong>interdum</strong></span> <span class='ocrx_word' id='word_1_76' title='bbox 1070 1527 1290 1599; x_wconf 73' lang='lat' dir='ltr'><strong>responsum,</strong></span> <span class='ocrx_word' id='word_1_77' title='bbox 1313 1513 1350 1567; x_wconf 88' lang='lat' dir='ltr'><strong>et</strong></span> 
     </span>
    </p>
   </div>
   <div class='ocr_carea' id='block_1_5' title="bbox 274 1617 1348 1839">
    <p class='ocr_par' dir='ltr' id='par_1_5' title="bbox 274 1617 1348 1839">
     <span class='ocr_line' id='line_1_11' title="bbox 274 1617 1348 1734; baseline -0.034 -14"><span class='ocrx_word' id='word_1_78' title='bbox 274 1651 401 1719; x_wconf 78' lang='lat' dir='ltr'><strong>relatus</strong></span> <span class='ocrx_word' id='word_1_79' title='bbox 416 1643 462 1713; x_wconf 89' lang='lat' dir='ltr'><strong>ad</strong></span> <span class='ocrx_word' id='word_1_80' title='bbox 472 1654 574 1734; x_wconf 89' lang='lat' dir='ltr'><strong>capnt</strong></span> <span class='ocrx_word' id='word_1_81' title='bbox 584 1636 714 1730; x_wconf 77' lang='lat' dir='ltr'><strong>digitus</strong></span> <span class='ocrx_word' id='word_1_82' title='bbox 724 1622 751 1717; x_wconf 79' lang='lat'><strong>⁵,</strong></span> <span class='ocrx_word' id='word_1_83' title='bbox 761 1644 803 1699; x_wconf 83' lang='lat' dir='ltr'><strong>et</strong></span> <span class='ocrx_word' id='word_1_84' title='bbox 817 1628 924 1696; x_wconf 81' lang='lat' dir='ltr'><strong>llexue</strong></span> <span class='ocrx_word' id='word_1_85' title='bbox 940 1625 1135 1709; x_wconf 79' lang='lat' dir='ltr'><strong>oculorum3</strong></span> <span class='ocrx_word' id='word_1_86' title='bbox 1151 1617 1348 1713; x_wconf 88' lang='lat' dir='ltr'><strong>improbum</strong></span> 
     </span>
     <span class='ocr_line' id='line_1_12' title="bbox 274 1734 1347 1839; baseline -0.034 -7"><span class='ocrx_word' id='word_1_87' title='bbox 274 1759 448 1831; x_wconf 89' lang='lat' dir='ltr'><strong>interdurn</strong></span> <span class='ocrx_word' id='word_1_88' title='bbox 465 1758 574 1839; x_wconf 79' lang='lat' dir='ltr'><strong>rieua3</strong></span> <span class='ocrx_word' id='word_1_89' title='bbox 596 1750 755 1817; x_wconf 76' lang='lat' dir='ltr'><strong>insanum</strong></span> <span class='ocrx_word' id='word_1_90' title='bbox 772 1741 887 1811; x_wconf 87' lang='lat' dir='ltr'><strong>vultna</strong></span> <span class='ocrx_word' id='word_1_91' title='bbox 899 1738 1105 1829; x_wconf 84' lang='lat' dir='ltr'><strong>habituaqne</strong></span> <span class='ocrx_word' id='word_1_92' title='bbox 1126 1734 1347 1801; x_wconf 72' lang='lat' dir='ltr'><strong>demonstret.</strong></span> 
     </span>
    </p>
   </div>
   <div class='ocr_carea' id='block_1_6' title="bbox 274 1848 1351 2209">
    <p class='ocr_par' dir='ltr' id='par_1_6' title="bbox 274 1848 1351 2209">
     <span class='ocr_line' id='line_1_13' title="bbox 274 1848 1351 1973; baseline -0.039 -20"><span class='ocrx_word' id='word_1_93' title='bbox 274 1883 341 1973; x_wconf 89' lang='lat' dir='ltr'><strong>Illa</strong></span> <span class='ocrx_word' id='word_1_94' title='bbox 359 1879 452 1948; x_wconf 90' lang='lat' dir='ltr'><strong>enim</strong></span> <span class='ocrx_word' id='word_1_95' title='bbox 477 1876 513 1941; x_wconf 94' lang='lat' dir='ltr'><strong>in</strong></span> <span class='ocrx_word' id='word_1_96' title='bbox 530 1883 691 1964; x_wconf 84' lang='lat' dir='ltr'><strong>apertum</strong></span> <span class='ocrx_word' id='word_1_97' title='bbox 714 1884 778 1953; x_wconf 90' lang='lat' dir='ltr'><strong>per</strong></span> <span class='ocrx_word' id='word_1_98' title='bbox 795 1873 893 1929; x_wconf 81' lang='lat' dir='ltr'><strong>notae</strong></span> <span class='ocrx_word' id='word_1_99' title='bbox 913 1867 1047 1923; x_wconf 83' lang='lat' dir='ltr'><strong>exeunt.</strong></span> <span class='ocrx_word' id='word_1_100' title='bbox 1065 1849 1187 1943; x_wconf 85' lang='lat' dir='ltr'><strong>Qualia</strong></span> <span class='ocrx_word' id='word_1_101' title='bbox 1201 1848 1351 1942; x_wconf 85' lang='lat' dir='ltr'><strong>quiaque</strong></span> 
     </span>
     <span class='ocr_line' id='line_1_14' title="bbox 284 1964 1351 2081; baseline -0.037 -13"><span class='ocrx_word' id='word_1_102' title='bbox 284 2002 347 2081; x_wconf 81' lang='lat' dir='ltr'><strong>ait,</strong></span> <span class='ocrx_word' id='word_1_103' title='bbox 370 1996 476 2077; x_wconf 74' lang='lat' dir='ltr'><strong>ecies,</strong></span> <span class='ocrx_word' id='word_1_104' title='bbox 498 1990 549 2069; x_wconf 83' lang='lat' dir='ltr'><strong>ai,</strong></span> <span class='ocrx_word' id='word_1_105' title='bbox 579 1974 864 2076; x_wconf 87' lang='lat' dir='ltr'><strong>quemadmodum</strong></span> <span class='ocrx_word' id='word_1_106' title='bbox 889 1970 1024 2055; x_wconf 86' lang='lat' dir='ltr'><strong>laudet,</strong></span> <span class='ocrx_word' id='word_1_107' title='bbox 1054 1965 1235 2060; x_wconf 73' lang='lat' dir='ltr'><strong>aspexerit.</strong></span> <span class='ocrx_word' id='word_1_108' title='bbox 1257 1964 1351 2031; x_wconf 87' lang='lat' dir='ltr'><strong>Hinc</strong></span> 
     </span>
     <span class='ocr_line' id='line_1_15' title="bbox 274 2084 1350 2209; baseline -0.037 -22"><span class='ocrx_word' id='word_1_109' title='bbox 274 2132 376 2209; x_wconf 87' lang='lat' dir='ltr'><strong>atqua</strong></span> <span class='ocrx_word' id='word_1_110' title='bbox 395 2110 512 2179; x_wconf 74' lang='lat' dir='ltr'><strong>illino⁷</strong></span> <span class='ocrx_word' id='word_1_111' title='bbox 531 2097 734 2197; x_wconf 78' lang='lat' dir='ltr'><strong>philosopho</strong></span> <span class='ocrx_word' id='word_1_112' title='bbox 752 2114 874 2165; x_wconf 80' lang='lat' dir='ltr'><strong>manue</strong></span> <span class='ocrx_word' id='word_1_113' title='bbox 891 2084 1031 2156; x_wconf 90' lang='lat' dir='ltr'><strong>auditor</strong></span> <span class='ocrx_word' id='word_1_114' title='bbox 1049 2087 1213 2165; x_wconf 90' lang='lat' dir='ltr'><strong>intentat,</strong></span> <span class='ocrx_word' id='word_1_115' title='bbox 1236 2096 1272 2149; x_wconf 92' lang='lat' dir='ltr'><strong>et</strong></span> <span class='ocrx_word' id='word_1_116' title='bbox 1289 2104 1350 2148; x_wconf 86' lang='lat' dir='ltr'><strong>au-</strong></span> 
     </span>
    </p>
   </div>
   <div class='ocr_carea' id='block_1_7' title="bbox 275 2314 1356 2957">
    <p class='ocr_par' dir='ltr' id='par_1_7' title="bbox 275 2314 1351 2482">
     <span class='ocr_line' id='line_1_16' title="bbox 311 2314 1351 2400; baseline -0.041 0"><span class='ocrx_word' id='word_1_117' title='bbox 311 2368 333 2400; x_wconf 87' lang='lat' dir='ltr'><strong>r.</strong></span> <span class='ocrx_word' id='word_1_118' title='bbox 356 2342 503 2397; x_wconf 78' lang='lat' dir='ltr'><strong>Fabianus·</strong></span> <span class='ocrx_word' id='word_1_119' title='bbox 529 2332 597 2387; x_wconf 81' lang='lat' dir='ltr'><strong>Vide</strong></span> <span class='ocrx_word' id='word_1_120' title='bbox 626 2326 729 2381; x_wconf 75' lang='lat' dir='ltr'><strong>Contol.</strong></span> <span class='ocrx_word' id='word_1_121' title='bbox 754 2325 788 2378; x_wconf 85' lang='lat' dir='ltr'><strong>ed</strong></span> <span class='ocrx_word' id='word_1_122' title='bbox 841 2350 846 2363; x_wconf 88' lang='lat'><strong>·</strong></span> <span class='ocrx_word' id='word_1_123' title='bbox 868 2324 885 2389; x_wconf 72' lang='grc'><em>4</em></span> <span class='ocrx_word' id='word_1_124' title='bbox 907 2322 1033 2378; x_wconf 68' lang='lat' dir='ltr'><strong>omnnium</strong></span> <span class='ocrx_word' id='word_1_125' title='bbox 1044 2314 1351 2371; x_wconf 56' lang='lat' dir='ltr'><strong>mmmminda&#39;o&#39;asune.</strong></span> 
     </span>
     <span class='ocr_line' id='line_1_17' title="bbox 275 2390 1351 2482; baseline -0.041 0"><span class='ocrx_word' id='word_1_126' title='bbox 275 2428 357 2482; x_wconf 81' lang='lat' dir='ltr'><strong>lllarc.</strong></span> <span class='ocrx_word' id='word_1_127' title='bbox 370 2418 477 2481; x_wconf 75' lang='lat' dir='ltr'><strong>xxm,</strong></span> <span class='ocrx_word' id='word_1_128' title='bbox 492 2415 507 2467; x_wconf 79' lang='lat'>3</span> <span class='ocrx_word' id='word_1_129' title='bbox 521 2422 573 2465; x_wconf 87' lang='lat' dir='ltr'><strong>not.</strong></span> <span class='ocrx_word' id='word_1_130' title='bbox 587 2407 677 2460; x_wconf 63' lang='lat' dir='ltr'><strong>Ruta.</strong></span> <span class='ocrx_word' id='word_1_131' title='bbox 838 2403 889 2453; x_wconf 85' lang='lat' dir='ltr'><strong>Le.</strong></span> <span class='ocrx_word' id='word_1_132' title='bbox 898 2416 1047 2458; x_wconf 78' lang='lat' dir='ltr'><strong>reeomnee,</strong></span> <span class='ocrx_word' id='word_1_133' title='bbox 1062 2393 1083 2446; x_wconf 78' lang='lat' dir='ltr'><strong>ei</strong></span> <span class='ocrx_word' id='word_1_134' title='bbox 1095 2393 1159 2445; x_wconf 85' lang='lat' dir='ltr'><strong>bene</strong></span> <span class='ocrx_word' id='word_1_135' title='bbox 1168 2390 1351 2450; x_wconf 76' lang='lat' dir='ltr'><strong>observentur,</strong></span> 
     </span>
    </p>

    <p class='ocr_par' dir='ltr' id='par_1_8' title="bbox 276 2464 1356 2957">
     <span class='ocr_line' id='line_1_18' title="bbox 310 2464 1354 2571; baseline -0.044 -11"><span class='ocrx_word' id='word_1_136' title='bbox 310 2528 334 2560; x_wconf 72' lang='lat' dir='ltr'><strong>a.</strong></span> <span class='ocrx_word' id='word_1_137' title='bbox 351 2505 455 2571; x_wconf 80' lang='lat' dir='ltr'><strong>Aliquo</strong></span> <span class='ocrx_word' id='word_1_138' title='bbox 478 2507 502 2549; x_wconf 84' lang='lat' dir='ltr'><strong>et</strong></span> <span class='ocrx_word' id='word_1_139' title='bbox 523 2490 658 2546; x_wconf 80' lang='lat' dir='ltr'><strong>laudandi</strong></span> <span class='ocrx_word' id='word_1_140' title='bbox 677 2487 787 2539; x_wconf 64' lang='lat' dir='ltr'><strong>licentio.</strong></span> <span class='ocrx_word' id='word_1_141' title='bbox 837 2475 1023 2540; x_wconf 67' lang='lat' dir='ltr'><strong>iudiciariam,</strong></span> <span class='ocrx_word' id='word_1_142' title='bbox 1038 2473 1066 2524; x_wconf 91' lang='lat' dir='ltr'><strong>in</strong></span> <span class='ocrx_word' id='word_1_143' title='bbox 1077 2467 1196 2523; x_wconf 77' lang='lat' dir='ltr'><strong>omnibns</strong></span> <span class='ocrx_word' id='word_1_144' title='bbox 1208 2464 1354 2518; x_wconf 73' lang='lat' dir='ltr'><strong>releneeunt</strong></span> 
     </span>
     <span class='ocr_line' id='line_1_19' title="bbox 276 2540 1353 2655; baseline -0.045 -14"><span class='ocrx_word' id='word_1_145' title='bbox 276 2586 379 2655; x_wconf 79' lang='lat' dir='ltr'><strong>Aliqua</strong></span> <span class='ocrx_word' id='word_1_146' title='bbox 397 2573 530 2632; x_wconf 80' lang='lat' dir='ltr'><strong>laudandi</strong></span> <span class='ocrx_word' id='word_1_147' title='bbox 547 2578 571 2621; x_wconf 85' lang='lat' dir='ltr'><strong>et</strong></span> <span class='ocrx_word' id='word_1_148' title='bbox 589 2566 692 2619; x_wconf 82' lang='lat' dir='ltr'><strong>licentia</strong></span> <span class='ocrx_word' id='word_1_149' title='bbox 704 2581 750 2613; x_wconf 78' lang='lat' dir='ltr'><strong>ms.</strong></span> <span class='ocrx_word' id='word_1_150' title='bbox 764 2560 790 2613; x_wconf 79' lang='lat' dir='ltr'><strong>b.</strong></span> <span class='ocrx_word' id='word_1_151' title='bbox 837 2553 943 2608; x_wconf 83' lang='lat' dir='ltr'><strong>indicia.</strong></span> <span class='ocrx_word' id='word_1_152' title='bbox 956 2552 1026 2626; x_wconf 75' lang='lat' dir='ltr'><strong>Male</strong></span> <span class='ocrx_word' id='word_1_153' title='bbox 1045 2545 1196 2601; x_wconf 73' lang='lat' dir='ltr'><strong>intellexisse</strong></span> <span class='ocrx_word' id='word_1_154' title='bbox 1214 2542 1284 2596; x_wconf 81' lang='lat' dir='ltr'><strong>hunc</strong></span> <span class='ocrx_word' id='word_1_155' title='bbox 1304 2540 1353 2594; x_wconf 90' lang='lat' dir='ltr'><strong>lo-</strong></span> 
     </span>
     <span class='ocr_line' id='line_1_20' title="bbox 279 2619 1354 2733; baseline -0.043 -19"><span class='ocrx_word' id='word_1_156' title='bbox 279 2659 428 2733; x_wconf 69' lang='lat' dir='ltr'><strong>speciosum</strong></span> <span class='ocrx_word' id='word_1_157' title='bbox 447 2663 497 2711; x_wconf 75' lang='lat' dir='ltr'><strong>est,</strong></span> <span class='ocrx_word' id='word_1_158' title='bbox 520 2644 590 2718; x_wconf 89' lang='lat' dir='ltr'><strong>qnod</strong></span> <span class='ocrx_word' id='word_1_159' title='bbox 607 2640 682 2695; x_wconf 86' lang='lat' dir='ltr'><strong>habet</strong></span> <span class='ocrx_word' id='word_1_160' title='bbox 704 2656 752 2691; x_wconf 80' lang='lat' dir='ltr'><strong>ma.</strong></span> <span class='ocrx_word' id='word_1_161' title='bbox 767 2655 788 2689; x_wconf 87' lang='lat' dir='ltr'><strong>c.</strong></span> <span class='ocrx_word' id='word_1_162' title='bbox 839 2652 897 2685; x_wconf 86' lang='lat' dir='ltr'><strong>curn</strong></span> <span class='ocrx_word' id='word_1_163' title='bbox 908 2630 1047 2702; x_wconf 72' lang='lat' dir='ltr'><strong>logronge</strong></span> <span class='ocrx_word' id='word_1_164' title='bbox 1056 2624 1223 2685; x_wconf 86' lang='lat' dir='ltr'><strong>arbitramur,</strong></span> <span class='ocrx_word' id='word_1_165' title='bbox 1234 2619 1279 2692; x_wconf 87' lang='lat' dir='ltr'><strong>qni</strong></span> <span class='ocrx_word' id='word_1_166' title='bbox 1288 2639 1354 2671; x_wconf 84' lang='lat' dir='ltr'><strong>ver-</strong></span> 
     </span>
     <span class='ocr_line' id='line_1_21' title="bbox 278 2696 1354 2797; baseline -0.044 -4"><span class='ocrx_word' id='word_1_167' title='bbox 278 2756 336 2791; x_wconf 83' lang='lat' dir='ltr'><strong>cum</strong></span> <span class='ocrx_word' id='word_1_168' title='bbox 348 2736 388 2789; x_wconf 86' lang='lat' dir='ltr'><strong>ed.</strong></span> <span class='ocrx_word' id='word_1_169' title='bbox 399 2735 433 2786; x_wconf 80' lang='lat' dir='ltr'><strong>A.</strong></span> <span class='ocrx_word' id='word_1_170' title='bbox 446 2732 511 2797; x_wconf 82' lang='lat' dir='ltr'><strong>aliq.</strong></span> <span class='ocrx_word' id='word_1_171' title='bbox 526 2735 551 2779; x_wconf 83' lang='lat' dir='ltr'><strong>et</strong></span> <span class='ocrx_word' id='word_1_172' title='bbox 563 2719 695 2776; x_wconf 82' lang='lat' dir='ltr'><strong>laudandi</strong></span> <span class='ocrx_word' id='word_1_173' title='bbox 703 2716 789 2767; x_wconf 82' lang='lat' dir='ltr'><strong>scien·</strong></span> <span class='ocrx_word' id='word_1_174' title='bbox 838 2710 868 2774; x_wconf 84' lang='lat' dir='ltr'><strong>tit</strong></span> <span class='ocrx_word' id='word_1_175' title='bbox 887 2727 897 2787; x_wconf 72' lang='grc' dir='ltr'><strong>ει</strong></span> <span class='ocrx_word' id='word_1_176' title='bbox 911 2706 955 2758; x_wconf 83' lang='lat' dir='ltr'><strong>En</strong></span> <span class='ocrx_word' id='word_1_177' title='bbox 966 2705 1111 2776; x_wconf 75' lang='lat' dir='ltr'><strong>plysique,</strong></span> <span class='ocrx_word' id='word_1_178' title='bbox 1125 2714 1183 2754; x_wconf 78' lang='lat' dir='ltr'><strong>tons</strong></span> <span class='ocrx_word' id='word_1_179' title='bbox 1199 2703 1237 2752; x_wconf 80' lang='lat' dir='ltr'><strong>les</strong></span> <span class='ocrx_word' id='word_1_180' title='bbox 1249 2696 1354 2765; x_wconf 77' lang='lat' dir='ltr'><strong>plre&#39;no-</strong></span> 
     </span>
     <span class='ocr_line' id='line_1_22' title="bbox 277 2776 1354 2885; baseline -0.044 -13"><span class='ocrx_word' id='word_1_181' title='bbox 277 2824 331 2885; x_wconf 76' lang='lat' dir='ltr'><strong>tm,-</strong></span> <span class='ocrx_word' id='word_1_182' title='bbox 351 2833 409 2869; x_wconf 81' lang='lat' dir='ltr'><strong>cum</strong></span> <span class='ocrx_word' id='word_1_183' title='bbox 426 2828 477 2882; x_wconf 88' lang='lat' dir='ltr'><strong>quo</strong></span> <span class='ocrx_word' id='word_1_184' title='bbox 496 2806 560 2859; x_wconf 85' lang='lat' dir='ltr'><strong>bene</strong></span> <span class='ocrx_word' id='word_1_185' title='bbox 578 2795 710 2873; x_wconf 77' lang='lat' dir='ltr'><strong>congruit,</strong></span> <span class='ocrx_word' id='word_1_186' title='bbox 722 2792 791 2865; x_wconf 87' lang='lat' dir='ltr'><strong>quod</strong></span> <span class='ocrx_word' id='word_1_187' title='bbox 839 2792 926 2843; x_wconf 68' lang='lat' dir='ltr'><strong>menes</strong></span> <span class='ocrx_word' id='word_1_188' title='bbox 937 2804 1006 2854; x_wconf 82' lang='lat' dir='ltr'><strong>pour</strong></span> <span class='ocrx_word' id='word_1_189' title='bbox 1020 2803 1056 2835; x_wconf 78' lang='lat' dir='ltr'><strong>un</strong></span> <span class='ocrx_word' id='word_1_190' title='bbox 1069 2782 1115 2833; x_wconf 80' lang='lat' dir='ltr'><strong>oeil</strong></span> <span class='ocrx_word' id='word_1_191' title='bbox 1122 2776 1232 2845; x_wconf 61' lang='lat' dir='ltr'><strong>altentff</strong></span> <span class='ocrx_word' id='word_1_192' title='bbox 1242 2784 1302 2828; x_wconf 78' lang='lat' dir='ltr'><strong>sont</strong></span> <span class='ocrx_word' id='word_1_193' title='bbox 1315 2777 1354 2827; x_wconf 81' lang='lat' dir='ltr'><strong>les</strong></span> 
     </span>
     <span class='ocr_line' id='line_1_23' title="bbox 278 2854 1356 2957; baseline -0.042 -8"><span class='ocrx_word' id='word_1_194' title='bbox 278 2896 345 2949; x_wconf 83' lang='lat' dir='ltr'><strong>infra</strong></span> <span class='ocrx_word' id='word_1_195' title='bbox 354 2892 399 2955; x_wconf 84' lang='lat' dir='ltr'><strong>ait,</strong></span> <span class='ocrx_word' id='word_1_196' title='bbox 411 2892 436 2943; x_wconf 79' lang='lat' dir='ltr'><strong>si</strong></span> <span class='ocrx_word' id='word_1_197' title='bbox 441 2927 448 2953; x_wconf 87' lang='lat'><strong>,</strong></span> <span class='ocrx_word' id='word_1_198' title='bbox 461 2880 683 2957; x_wconf 82' lang='lat' dir='ltr'><strong>quemadmodum</strong></span> <span class='ocrx_word' id='word_1_199' title='bbox 692 2866 790 2931; x_wconf 80' lang='lat' dir='ltr'><strong>laudet,</strong></span> <span class='ocrx_word' id='word_1_200' title='bbox 840 2868 926 2935; x_wconf 66' lang='lat' dir='ltr'><strong>signes</strong></span> <span class='ocrx_word' id='word_1_201' title='bbox 936 2865 973 2914; x_wconf 81' lang='lat' dir='ltr'><strong>les</strong></span> <span class='ocrx_word' id='word_1_202' title='bbox 983 2879 1031 2913; x_wconf 82' lang='lat' dir='ltr'><strong>uns</strong></span> <span class='ocrx_word' id='word_1_203' title='bbox 1041 2860 1089 2911; x_wconf 83' lang='lat' dir='ltr'><strong>des</strong></span> <span class='ocrx_word' id='word_1_204' title='bbox 1099 2866 1204 2922; x_wconf 64' lang='lat' dir='ltr'><strong>autres,</strong></span> <span class='ocrx_word' id='word_1_205' title='bbox 1214 2874 1245 2907; x_wconf 79' lang='lat' dir='ltr'><strong>eu</strong></span> <span class='ocrx_word' id='word_1_206' title='bbox 1252 2854 1356 2906; x_wconf 78' lang='lat' dir='ltr'><strong>morule</strong></span> 
     </span>
    </p>
   </div>
   <div class='ocr_carea' id='block_1_8' title="bbox 279 2945 1357 3123">
    <p class='ocr_par' dir='ltr' id='par_1_9' title="bbox 279 2945 1357 3123">
     <span class='ocr_line' id='line_1_24' title="bbox 279 2945 990 3042; baseline -0.051 -14"><span class='ocrx_word' id='word_1_207' title='bbox 279 2971 442 3042; x_wconf 65' lang='lat' dir='ltr'><strong>aspexeris,</strong></span> <span class='ocrx_word' id='word_1_208' title='bbox 466 2981 525 3015; x_wconf 79' lang='lat' dir='ltr'><strong>narn</strong></span> <span class='ocrx_word' id='word_1_209' title='bbox 545 2958 649 3014; x_wconf 73' lang='lat' dir='ltr'><strong>laudet,</strong></span> <span class='ocrx_word' id='word_1_210' title='bbox 667 2971 721 3004; x_wconf 90' lang='lat' dir='ltr'><strong>non</strong></span> <span class='ocrx_word' id='word_1_211' title='bbox 748 2947 794 3014; x_wconf 86' lang='lat' dir='ltr'><strong>(nt</strong></span> <span class='ocrx_word' id='word_1_212' title='bbox 841 2945 927 3005; x_wconf 82' lang='lat' dir='ltr'><strong>aussi,</strong></span> <span class='ocrx_word' id='word_1_213' title='bbox 944 2953 990 2993; x_wconf 84' lang='lat' dir='ltr'><strong>etc.</strong></span> 
     </span>
     <span class='ocr_line' id='line_1_25' title="bbox 279 3005 1357 3123; baseline -0.046 -16"><span class='ocrx_word' id='word_1_214' title='bbox 279 3052 370 3123; x_wconf 80' lang='lat' dir='ltr'><strong>vulgo)</strong></span> <span class='ocrx_word' id='word_1_215' title='bbox 385 3046 515 3103; x_wconf 82' lang='lat' dir='ltr'><strong>landetur,</strong></span> <span class='ocrx_word' id='word_1_216' title='bbox 531 3036 622 3090; x_wconf 85' lang='lat' dir='ltr'><strong>dedere</strong></span> <span class='ocrx_word' id='word_1_217' title='bbox 636 3030 670 3084; x_wconf 87' lang='lat' dir='ltr'><strong>ibi</strong></span> <span class='ocrx_word' id='word_1_218' title='bbox 685 3027 742 3081; x_wconf 84' lang='lat' dir='ltr'><strong>edd.</strong></span> <span class='ocrx_word' id='word_1_219' title='bbox 759 3026 795 3077; x_wconf 83' lang='lat' dir='ltr'><strong>A.</strong></span> <span class='ocrx_word' id='word_1_220' title='bbox 878 3023 901 3073; x_wconf 86' lang='lat'><strong>5.</strong></span> <span class='ocrx_word' id='word_1_221' title='bbox 914 3018 1014 3071; x_wconf 77' lang='lat' dir='ltr'><strong>Manus</strong></span> <span class='ocrx_word' id='word_1_222' title='bbox 1025 3023 1106 3069; x_wconf 84' lang='lat' dir='ltr'><strong>mota.</strong></span> <span class='ocrx_word' id='word_1_223' title='bbox 1119 3012 1150 3065; x_wconf 92' lang='lat' dir='ltr'><strong>ln</strong></span> <span class='ocrx_word' id='word_1_224' title='bbox 1161 3012 1305 3065; x_wconf 78' lang='lat' dir='ltr'><strong>obscoenarn</strong></span> <span class='ocrx_word' id='word_1_225' title='bbox 1317 3005 1357 3060; x_wconf 89' lang='lat' dir='ltr'><strong>li-</strong></span> 
     </span>
    </p>
   </div>
   <div class='ocr_carea' id='block_1_9' title="bbox 280 3085 1362 3823">
    <p class='ocr_par' dir='ltr' id='par_1_10' title="bbox 280 3085 1357 3270">
     <span class='ocr_line' id='line_1_26' title="bbox 280 3085 1357 3185; baseline -0.046 0"><span class='ocrx_word' id='word_1_226' title='bbox 280 3144 306 3185; x_wconf 89' lang='lat' dir='ltr'><strong>et</strong></span> <span class='ocrx_word' id='word_1_227' title='bbox 317 3128 354 3181; x_wconf 82' lang='lat' dir='ltr'><strong>R.</strong></span> <span class='ocrx_word' id='word_1_228' title='bbox 367 3144 425 3180; x_wconf 81' lang='lat' dir='ltr'><strong>cum</strong></span> <span class='ocrx_word' id='word_1_229' title='bbox 438 3120 527 3173; x_wconf 70' lang='lat' dir='ltr'><strong>mh.</strong></span> <span class='ocrx_word' id='word_1_230' title='bbox 536 3136 556 3169; x_wconf 87' lang='lat' dir='ltr'><strong>c.</strong></span> <span class='ocrx_word' id='word_1_231' title='bbox 565 3126 589 3167; x_wconf 83' lang='lat' dir='ltr'><strong>et</strong></span> <span class='ocrx_word' id='word_1_232' title='bbox 600 3110 673 3185; x_wconf 76' lang='lat' dir='ltr'><strong>plur,</strong></span> <span class='ocrx_word' id='word_1_233' title='bbox 685 3125 732 3159; x_wconf 87' lang='lat' dir='ltr'><strong>nec</strong></span> <span class='ocrx_word' id='word_1_234' title='bbox 743 3104 795 3157; x_wconf 83' lang='lat' dir='ltr'><strong>lere</strong></span> <span class='ocrx_word' id='word_1_235' title='bbox 844 3117 948 3172; x_wconf 80' lang='lat' dir='ltr'><strong>goram,</strong></span> <span class='ocrx_word' id='word_1_236' title='bbox 969 3106 1013 3148; x_wconf 84' lang='lat' dir='ltr'><strong>ant</strong></span> <span class='ocrx_word' id='word_1_237' title='bbox 1030 3092 1108 3145; x_wconf 80' lang='lat' dir='ltr'><strong>nimie</strong></span> <span class='ocrx_word' id='word_1_238' title='bbox 1121 3088 1217 3159; x_wconf 77' lang='lat' dir='ltr'><strong>alioqui</strong></span> <span class='ocrx_word' id='word_1_239' title='bbox 1234 3085 1357 3138; x_wconf 84' lang='lat' dir='ltr'><strong>molliter.</strong></span> 
     </span>
     <span class='ocr_line' id='line_1_27' title="bbox 283 3176 961 3270; baseline -0.056 -7"><span class='ocrx_word' id='word_1_240' title='bbox 283 3206 388 3270; x_wconf 85' lang='lat' dir='ltr'><strong>dubito,</strong></span> <span class='ocrx_word' id='word_1_241' title='bbox 401 3201 437 3254; x_wconf 80' lang='lat' dir='ltr'><strong>eie</strong></span> <span class='ocrx_word' id='word_1_242' title='bbox 450 3198 525 3250; x_wconf 83' lang='lat' dir='ltr'><strong>etiam</strong></span> <span class='ocrx_word' id='word_1_243' title='bbox 538 3193 567 3245; x_wconf 85' lang='lat' dir='ltr'><strong>in</strong></span> <span class='ocrx_word' id='word_1_244' title='bbox 585 3189 641 3242; x_wconf 78' lang='lat' dir='ltr'><strong>aliis</strong></span> <span class='ocrx_word' id='word_1_245' title='bbox 660 3185 692 3238; x_wconf 85' lang='lat' dir='ltr'><strong>iri</strong></span> <span class='ocrx_word' id='word_1_246' title='bbox 710 3200 796 3255; x_wconf 55' lang='lat' dir='ltr'><strong>repet*</strong></span> <span class='ocrx_word' id='word_1_247' title='bbox 843 3176 961 3245; x_wconf 80' lang='lat' dir='ltr'><strong>Lipsius.</strong></span> 
     </span>
    </p>

    <p class='ocr_par' dir='ltr' id='par_1_11' title="bbox 281 3240 1362 3823">
     <span class='ocr_line' id='line_1_28' title="bbox 281 3240 1359 3349; baseline -0.048 -8"><span class='ocrx_word' id='word_1_248' title='bbox 281 3302 334 3342; x_wconf 89' lang='lat' dir='ltr'><strong>turn</strong></span> <span class='ocrx_word' id='word_1_249' title='bbox 344 3324 351 3349; x_wconf 92' lang='lat'><strong>,</strong></span> <span class='ocrx_word' id='word_1_250' title='bbox 362 3283 421 3335; x_wconf 85' lang='lat' dir='ltr'><strong>licet</strong></span> <span class='ocrx_word' id='word_1_251' title='bbox 434 3275 499 3329; x_wconf 87' lang='lat' dir='ltr'><strong>nihil</strong></span> <span class='ocrx_word' id='word_1_252' title='bbox 511 3273 543 3325; x_wconf 85' lang='lat' dir='ltr'><strong>ad</strong></span> <span class='ocrx_word' id='word_1_253' title='bbox 557 3268 581 3321; x_wconf 85' lang='lat' dir='ltr'><strong>h.</strong></span> <span class='ocrx_word' id='word_1_254' title='bbox 594 3267 610 3319; x_wconf 91' lang='lat' dir='ltr'><strong>l.</strong></span> <span class='ocrx_word' id='word_1_255' title='bbox 620 3286 636 3318; x_wconf 82' lang='lat' dir='ltr'><strong>a</strong></span> <span class='ocrx_word' id='word_1_256' title='bbox 645 3262 718 3317; x_wconf 83' lang='lat' dir='ltr'><strong>Pinc.</strong></span> <span class='ocrx_word' id='word_1_257' title='bbox 731 3262 794 3332; x_wconf 76' lang='lat' dir='ltr'><strong>Ops.</strong></span> <span class='ocrx_word' id='word_1_258' title='bbox 876 3255 901 3306; x_wconf 84' lang='grc'><strong>6.</strong></span> <span class='ocrx_word' id='word_1_259' title='bbox 916 3254 1027 3305; x_wconf 71' lang='lat' dir='ltr'><strong>Reum</strong></span> <span class='ocrx_word' id='word_1_260' title='bbox 1041 3248 1081 3299; x_wconf 83' lang='lat' dir='ltr'><strong>od</strong></span> <span class='ocrx_word' id='word_1_261' title='bbox 1093 3254 1172 3314; x_wconf 79' lang='lat' dir='ltr'><strong>caput</strong></span> <span class='ocrx_word' id='word_1_262' title='bbox 1183 3243 1288 3312; x_wconf 59' lang='lat' dir='ltr'><strong>diguus.</strong></span> <span class='ocrx_word' id='word_1_263' title='bbox 1301 3240 1359 3291; x_wconf 84' lang='lat' dir='ltr'><strong>De-</strong></span> 
     </span>
     <span class='ocr_line' id='line_1_29' title="bbox 282 3316 1361 3420; baseline -0.049 0"><span class='ocrx_word' id='word_1_264' title='bbox 282 3379 326 3420; x_wconf 81' lang='lat' dir='ltr'><strong>ant</strong></span> <span class='ocrx_word' id='word_1_265' title='bbox 336 3364 445 3416; x_wconf 83' lang='lat' dir='ltr'><strong>Grutcro</strong></span> <span class='ocrx_word' id='word_1_266' title='bbox 456 3360 606 3407; x_wconf 82' lang='lat' dir='ltr'><strong>annotatum</strong></span> <span class='ocrx_word' id='word_1_267' title='bbox 618 3343 659 3397; x_wconf 79' lang='lat' dir='ltr'><strong>ait.</strong></span> <span class='ocrx_word' id='word_1_268' title='bbox 674 3337 797 3392; x_wconf 64' lang='lat' dir='ltr'><strong>Schm-</strong></span> <span class='ocrx_word' id='word_1_269' title='bbox 843 3330 1006 3385; x_wconf 78' lang='lat' dir='ltr'><strong>licetnlornm</strong></span> <span class='ocrx_word' id='word_1_270' title='bbox 1024 3337 1079 3380; x_wconf 90' lang='lat' dir='ltr'><strong>erat</strong></span> <span class='ocrx_word' id='word_1_271' title='bbox 1096 3345 1129 3376; x_wconf 86' lang='lat' dir='ltr'><strong>ne</strong></span> <span class='ocrx_word' id='word_1_272' title='bbox 1149 3320 1280 3373; x_wconf 78' lang='lat' dir='ltr'><strong>cincinnos</strong></span> <span class='ocrx_word' id='word_1_273' title='bbox 1300 3316 1361 3369; x_wconf 89' lang='lat' dir='ltr'><strong>ele-</strong></span> 
     </span>
     <span class='ocr_line' id='line_1_30' title="bbox 282 3396 1360 3505; baseline -0.047 -7"><span class='ocrx_word' id='word_1_274' title='bbox 282 3441 439 3505; x_wconf 80' lang='lat' dir='ltr'><strong>Estoliquo</strong></span> <span class='ocrx_word' id='word_1_275' title='bbox 454 3437 479 3485; x_wconf 80' lang='lat' dir='ltr'><strong>et</strong></span> <span class='ocrx_word' id='word_1_276' title='bbox 493 3424 626 3480; x_wconf 78' lang='lat' dir='ltr'><strong>laudandi</strong></span> <span class='ocrx_word' id='word_1_277' title='bbox 636 3420 748 3473; x_wconf 77' lang='lat' dir='ltr'><strong>lieentia.</strong></span> <span class='ocrx_word' id='word_1_278' title='bbox 761 3414 798 3465; x_wconf 85' lang='lat' dir='ltr'><strong>Ut</strong></span> <span class='ocrx_word' id='word_1_279' title='bbox 845 3423 933 3485; x_wconf 74' lang='lat' dir='ltr'><strong>gauter</strong></span> <span class='ocrx_word' id='word_1_280' title='bbox 954 3404 1105 3479; x_wconf 76' lang='lat' dir='ltr'><strong>compositos</strong></span> <span class='ocrx_word' id='word_1_281' title='bbox 1123 3401 1261 3453; x_wconf 82' lang='lat' dir='ltr'><strong>turbarent.</strong></span> <span class='ocrx_word' id='word_1_282' title='bbox 1281 3396 1360 3449; x_wconf 83' lang='lat' dir='ltr'><strong>Ridet</strong></span> 
     </span>
     <span class='ocr_line' id='line_1_31' title="bbox 283 3478 1361 3589; baseline -0.046 -16"><span class='ocrx_word' id='word_1_283' title='bbox 283 3521 311 3575; x_wconf 84' lang='lat' dir='ltr'><strong>in</strong></span> <span class='ocrx_word' id='word_1_284' title='bbox 319 3508 539 3589; x_wconf 79' lang='lat' dir='ltr'><strong>vituperando,ita</strong></span> <span class='ocrx_word' id='word_1_285' title='bbox 549 3516 573 3557; x_wconf 89' lang='lat' dir='ltr'><strong>et</strong></span> <span class='ocrx_word' id='word_1_286' title='bbox 581 3501 608 3553; x_wconf 90' lang='lat' dir='ltr'><strong>in</strong></span> <span class='ocrx_word' id='word_1_287' title='bbox 619 3494 748 3551; x_wconf 81' lang='lat' dir='ltr'><strong>laudando</strong></span> <span class='ocrx_word' id='word_1_288' title='bbox 757 3490 797 3544; x_wconf 90' lang='lat' dir='ltr'><strong>ni·</strong></span> <span class='ocrx_word' id='word_1_289' title='bbox 846 3490 915 3541; x_wconf 86' lang='lat' dir='ltr'><strong>idem</strong></span> <span class='ocrx_word' id='word_1_290' title='bbox 933 3486 1024 3539; x_wconf 89' lang='lat' dir='ltr'><strong>vitium</strong></span> <span class='ocrx_word' id='word_1_291' title='bbox 1042 3482 1146 3535; x_wconf 89' lang='lat' dir='ltr'><strong>Lucian.</strong></span> <span class='ocrx_word' id='word_1_292' title='bbox 1169 3478 1270 3531; x_wconf 73' lang='lat' dir='ltr'><strong>liberor.</strong></span> <span class='ocrx_word' id='word_1_293' title='bbox 1287 3495 1361 3548; x_wconf 81' lang='lat' dir='ltr'><strong>prae-</strong></span> 
     </span>
     <span class='ocr_line' id='line_1_32' title="bbox 283 3555 1360 3662; baseline -0.044 -11"><span class='ocrx_word' id='word_1_294' title='bbox 283 3598 349 3651; x_wconf 78' lang='lat' dir='ltr'><strong>mins</strong></span> <span class='ocrx_word' id='word_1_295' title='bbox 358 3611 410 3647; x_wconf 78' lang='lat' dir='ltr'><strong>esee</strong></span> <span class='ocrx_word' id='word_1_296' title='bbox 417 3601 498 3662; x_wconf 77' lang='lat' dir='ltr'><strong>potes,</strong></span> <span class='ocrx_word' id='word_1_297' title='bbox 505 3597 529 3637; x_wconf 90' lang='lat' dir='ltr'><strong>et</strong></span> <span class='ocrx_word' id='word_1_298' title='bbox 536 3584 563 3636; x_wconf 88' lang='lat' dir='ltr'><strong>in</strong></span> <span class='ocrx_word' id='word_1_299' title='bbox 573 3592 707 3647; x_wconf 86' lang='lat' dir='ltr'><strong>utramque</strong></span> <span class='ocrx_word' id='word_1_300' title='bbox 717 3590 797 3644; x_wconf 88' lang='lat' dir='ltr'><strong>quum</strong></span> <span class='ocrx_word' id='word_1_301' title='bbox 846 3580 907 3641; x_wconf 79' lang='lat' dir='ltr'><strong>cept.</strong></span> <span class='ocrx_word' id='word_1_302' title='bbox 917 3587 938 3619; x_wconf 85' lang='lat' dir='ltr'><strong>c.</strong></span> <span class='ocrx_word' id='word_1_303' title='bbox 948 3581 984 3628; x_wconf 81' lang='lat'><strong>11,</strong></span> <span class='ocrx_word' id='word_1_304' title='bbox 996 3586 1020 3637; x_wconf 84' lang='lat' dir='ltr'><strong>p.</strong></span> <span class='ocrx_word' id='word_1_305' title='bbox 1033 3562 1091 3625; x_wconf 76' lang='lat'><strong>231,</strong></span> <span class='ocrx_word' id='word_1_306' title='bbox 1104 3559 1165 3613; x_wconf 87' lang='lat' dir='ltr'><strong>Vol.</strong></span> <span class='ocrx_word' id='word_1_307' title='bbox 1177 3558 1240 3621; x_wconf 84' lang='lat' dir='ltr'><strong>Vll,</strong></span> <span class='ocrx_word' id='word_1_308' title='bbox 1249 3556 1307 3629; x_wconf 83' lang='lat' dir='ltr'><strong>Bip.</strong></span> <span class='ocrx_word' id='word_1_309' title='bbox 1317 3555 1360 3607; x_wconf 86' lang='lat' dir='ltr'><strong>cui</strong></span> 
     </span>
     <span class='ocr_line' id='line_1_33' title="bbox 284 3635 1362 3745; baseline -0.043 -15"><span class='ocrx_word' id='word_1_310' title='bbox 284 3680 312 3731; x_wconf 88' lang='lat' dir='ltr'><strong>in</strong></span> <span class='ocrx_word' id='word_1_311' title='bbox 320 3667 526 3745; x_wconf 82' lang='lat' dir='ltr'><strong>vituperandum,</strong></span> <span class='ocrx_word' id='word_1_312' title='bbox 535 3674 589 3713; x_wconf 87' lang='lat' dir='ltr'><strong>tum</strong></span> <span class='ocrx_word' id='word_1_313' title='bbox 600 3659 627 3710; x_wconf 90' lang='lat' dir='ltr'><strong>in</strong></span> <span class='ocrx_word' id='word_1_314' title='bbox 639 3651 797 3708; x_wconf 84' lang='lat' dir='ltr'><strong>laudandum</strong></span> <span class='ocrx_word' id='word_1_315' title='bbox 845 3645 985 3720; x_wconf 77' lang='lat' dir='ltr'><strong>praesertim</strong></span> <span class='ocrx_word' id='word_1_316' title='bbox 1000 3639 1141 3715; x_wconf 79' lang='lat' dir='ltr'><strong>comparari</strong></span> <span class='ocrx_word' id='word_1_317' title='bbox 1153 3650 1263 3691; x_wconf 85' lang='lat' dir='ltr'><strong>meretur</strong></span> <span class='ocrx_word' id='word_1_318' title='bbox 1274 3635 1362 3687; x_wconf 82' lang='lat' dir='ltr'><strong>lure·</strong></span> 
     </span>
     <span class='ocr_line' id='line_1_34' title="bbox 283 3712 1361 3823; baseline -0.043 -16"><span class='ocrx_word' id='word_1_319' title='bbox 283 3753 330 3807; x_wconf 87' lang='lat' dir='ltr'><strong>tibi</strong></span> <span class='ocrx_word' id='word_1_320' title='bbox 340 3752 379 3823; x_wconf 72' lang='lat' dir='ltr'><strong>jue</strong></span> <span class='ocrx_word' id='word_1_321' title='bbox 389 3738 529 3817; x_wconf 80' lang='lat' dir='ltr'><strong>comparari</strong></span> <span class='ocrx_word' id='word_1_322' title='bbox 540 3737 621 3790; x_wconf 82' lang='lat' dir='ltr'><strong>debet.</strong></span> <span class='ocrx_word' id='word_1_323' title='bbox 632 3730 722 3785; x_wconf 73' lang='lat' dir='ltr'><strong>Ruta.</strong></span> <span class='ocrx_word' id='word_1_324' title='bbox 846 3722 912 3777; x_wconf 78' lang='lat' dir='ltr'><strong>nelis</strong></span> <span class='ocrx_word' id='word_1_325' title='bbox 930 3722 984 3775; x_wconf 87' lang='lat' dir='ltr'><strong>Sat.</strong></span> <span class='ocrx_word' id='word_1_326' title='bbox 1003 3720 1054 3784; x_wconf 82' lang='lat' dir='ltr'><strong>tx,</strong></span> <span class='ocrx_word' id='word_1_327' title='bbox 1070 3717 1132 3780; x_wconf 80' lang='lat'><strong>133,</strong></span> <span class='ocrx_word' id='word_1_328' title='bbox 1146 3715 1191 3767; x_wconf 90' lang='lat' dir='ltr'><strong>ubi</strong></span> <span class='ocrx_word' id='word_1_329' title='bbox 1211 3712 1264 3768; x_wconf 88' lang='lat' dir='ltr'><strong>vid.</strong></span> <span class='ocrx_word' id='word_1_330' title='bbox 1282 3724 1361 3764; x_wconf 76' lang='lat' dir='ltr'><strong>nostr.</strong></span> 
     </span>
    </p>
   </div>
   <div class='ocr_carea' id='block_1_10' title="bbox 318 3794 1214 3880">
    <p class='ocr_par' dir='ltr' id='par_1_12' title="bbox 318 3794 1214 3880">
     <span class='ocr_line' id='line_1_35' title="bbox 318 3794 1214 3880; baseline -0.045 1"><span class='ocrx_word' id='word_1_331' title='bbox 318 3829 342 3880; x_wconf 84' lang='lat'><strong>3.</strong></span> <span class='ocrx_word' id='word_1_332' title='bbox 362 3824 488 3878; x_wconf 80' lang='lat' dir='ltr'><strong>Omnium</strong></span> <span class='ocrx_word' id='word_1_333' title='bbox 507 3832 601 3868; x_wconf 82' lang='lat' dir='ltr'><strong>rerum.</strong></span> <span class='ocrx_word' id='word_1_334' title='bbox 613 3812 702 3879; x_wconf 81' lang='lat' dir='ltr'><strong>,Quum</strong></span> <span class='ocrx_word' id='word_1_335' title='bbox 720 3804 797 3877; x_wconf 68' lang='lat' dir='ltr'><strong>vulgo</strong></span> <span class='ocrx_word' id='word_1_336' title='bbox 847 3802 907 3857; x_wconf 86' lang='lat' dir='ltr'><strong>edit.</strong></span> <span class='ocrx_word' id='word_1_337' title='bbox 922 3798 974 3852; x_wconf 90' lang='lat' dir='ltr'><strong>vol.</strong></span> <span class='ocrx_word' id='word_1_338' title='bbox 987 3797 1026 3860; x_wconf 86' lang='lat' dir='ltr'><strong>ll,</strong></span> <span class='ocrx_word' id='word_1_339' title='bbox 1042 3815 1098 3869; x_wconf 79' lang='lat' dir='ltr'><strong>pag.</strong></span> <span class='ocrx_word' id='word_1_340' title='bbox 1112 3794 1151 3867; x_wconf 78' lang='lat'><strong>39.</strong></span> <span class='ocrx_word' id='word_1_341' title='bbox 1163 3794 1214 3845; x_wconf 87' lang='lat' dir='ltr'><strong>En.</strong></span> 
     </span>
    </p>
   </div>
   <div class='ocr_carea' id='block_1_11' title="bbox 284 3869 1363 4047">
    <p class='ocr_par' dir='ltr' id='par_1_13' title="bbox 284 3869 1363 4047">
     <span class='ocr_line' id='line_1_36' title="bbox 284 3869 1362 3979; baseline -0.04 -18"><span class='ocrx_word' id='word_1_342' title='bbox 284 3908 411 3979; x_wconf 80' lang='lat' dir='ltr'><strong>legeretur</strong></span> <span class='ocrx_word' id='word_1_343' title='bbox 429 3900 520 3953; x_wconf 79' lang='lat' dir='ltr'><strong>omnio</strong></span> <span class='ocrx_word' id='word_1_344' title='bbox 543 3908 628 3944; x_wconf 86' lang='lat' dir='ltr'><strong>rerum</strong></span> <span class='ocrx_word' id='word_1_345' title='bbox 654 3886 796 3945; x_wconf 71' lang='lat' dir='ltr'><strong>ommam,</strong></span> <span class='ocrx_word' id='word_1_346' title='bbox 883 3902 906 3949; x_wconf 86' lang='lat'><strong>7.</strong></span> <span class='ocrx_word' id='word_1_347' title='bbox 926 3878 1000 3930; x_wconf 79' lang='lat' dir='ltr'><strong>Hinc</strong></span> <span class='ocrx_word' id='word_1_348' title='bbox 1020 3882 1098 3944; x_wconf 80' lang='lat' dir='ltr'><strong>atque</strong></span> <span class='ocrx_word' id='word_1_349' title='bbox 1116 3874 1218 3925; x_wconf 57' lang='grc' dir='ltr'><strong>ΗΜ...</strong></span> <span class='ocrx_word' id='word_1_350' title='bbox 1235 3869 1362 3921; x_wconf 74' lang='lat' dir='ltr'><strong>consistit.</strong></span> 
     </span>
     <span class='ocr_line' id='line_1_37' title="bbox 287 3950 1363 4047; baseline -0.041 -7"><span class='ocrx_word' id='word_1_351' title='bbox 287 3982 419 4040; x_wconf 87' lang='lat' dir='ltr'><strong>commode</strong></span> <span class='ocrx_word' id='word_1_352' title='bbox 445 3969 597 4047; x_wconf 83' lang='lat' dir='ltr'><strong>conjiciebat</strong></span> <span class='ocrx_word' id='word_1_353' title='bbox 615 3961 730 4041; x_wconf 68' lang='lat' dir='ltr'><strong>Matthiae</strong></span> <span class='ocrx_word' id='word_1_354' title='bbox 753 3958 799 4025; x_wconf 84' lang='lat' dir='ltr'><strong>(ln</strong></span> <span class='ocrx_word' id='word_1_355' title='bbox 848 3957 986 4011; x_wconf 78' lang='lat' dir='ltr'><strong>Admirans</strong></span> <span class='ocrx_word' id='word_1_356' title='bbox 1007 3953 1079 4006; x_wconf 76' lang='lat' dir='ltr'><strong>turbe</strong></span> <span class='ocrx_word' id='word_1_357' title='bbox 1104 3950 1248 4003; x_wconf 83' lang='lat' dir='ltr'><strong>auditorum</strong></span> <span class='ocrx_word' id='word_1_358' title='bbox 1270 3964 1363 3998; x_wconf 76' lang='lat' dir='ltr'><strong>manus</strong></span> 
     </span>
    </p>
   </div>
   <div class='ocr_carea' id='block_1_12' title="bbox 288 4024 1364 4207">
    <p class='ocr_par' dir='ltr' id='par_1_14' title="bbox 288 4024 1364 4207">
     <span class='ocr_line' id='line_1_38' title="bbox 288 4024 1364 4137; baseline -0.041 -20"><span class='ocrx_word' id='word_1_359' title='bbox 288 4082 384 4137; x_wconf 84' lang='lat' dir='ltr'><strong>nupero</strong></span> <span class='ocrx_word' id='word_1_360' title='bbox 391 4058 554 4129; x_wconf 81' lang='lat' dir='ltr'><strong>Progmm.p.</strong></span> <span class='ocrx_word' id='word_1_361' title='bbox 564 4046 601 4100; x_wconf 85' lang='lat'><strong>18.</strong></span> <span class='ocrx_word' id='word_1_362' title='bbox 610 4045 701 4112; x_wconf 69' lang='lat' dir='ltr'><strong>lobet&#39;o</strong></span> <span class='ocrx_word' id='word_1_363' title='bbox 713 4058 799 4092; x_wconf 84' lang='lat' dir='ltr'><strong>rerum</strong></span> <span class='ocrx_word' id='word_1_364' title='bbox 847 4034 913 4090; x_wconf 89' lang='lat' dir='ltr'><strong>tollit</strong></span> <span class='ocrx_word' id='word_1_365' title='bbox 923 4047 947 4085; x_wconf 85' lang='lat' dir='ltr'><strong>et</strong></span> <span class='ocrx_word' id='word_1_366' title='bbox 957 4031 1069 4107; x_wconf 82' lang='lat' dir='ltr'><strong>plaudit,</strong></span> <span class='ocrx_word' id='word_1_367' title='bbox 1081 4028 1208 4103; x_wconf 76' lang='lat' dir='ltr'><strong>surgitque</strong></span> <span class='ocrx_word' id='word_1_368' title='bbox 1219 4036 1247 4078; x_wconf 87' lang='lat' dir='ltr'><strong>ut</strong></span> <span class='ocrx_word' id='word_1_369' title='bbox 1256 4024 1297 4077; x_wconf 80' lang='lat' dir='ltr'><strong>eni</strong></span> <span class='ocrx_word' id='word_1_370' title='bbox 1306 4024 1364 4075; x_wconf 87' lang='lat' dir='ltr'><strong>im-</strong></span> 
     </span>
     <span class='ocr_line' id='line_1_39' title="bbox 288 4103 1363 4207; baseline -0.041 -9"><span class='ocrx_word' id='word_1_371' title='bbox 288 4146 413 4198; x_wconf 84' lang='lat' dir='ltr'><strong>omm&#39;um.</strong></span> <span class='ocrx_word' id='word_1_372' title='bbox 423 4133 548 4207; x_wconf 81' lang='lat' dir='ltr'><strong>Equidem</strong></span> <span class='ocrx_word' id='word_1_373' title='bbox 562 4124 621 4179; x_wconf 84' lang='lat' dir='ltr'><strong>dedi</strong></span> <span class='ocrx_word' id='word_1_374' title='bbox 631 4122 676 4185; x_wconf 87' lang='lat' dir='ltr'><strong>id,</strong></span> <span class='ocrx_word' id='word_1_375' title='bbox 690 4116 760 4191; x_wconf 85' lang='lat' dir='ltr'><strong>quod</strong></span> <span class='ocrx_word' id='word_1_376' title='bbox 771 4138 800 4172; x_wconf 82' lang='lat' dir='ltr'><strong>ex</strong></span> <span class='ocrx_word' id='word_1_377' title='bbox 848 4133 894 4189; x_wconf 81' lang='lat' dir='ltr'><strong>poe</strong></span> <span class='ocrx_word' id='word_1_378' title='bbox 912 4123 936 4165; x_wconf 90' lang='lat' dir='ltr'><strong>et</strong></span> <span class='ocrx_word' id='word_1_379' title='bbox 955 4128 1046 4163; x_wconf 78' lang='lat' dir='ltr'><strong>manue</strong></span> <span class='ocrx_word' id='word_1_380' title='bbox 1063 4126 1137 4181; x_wconf 70' lang='lat' dir='ltr'><strong>snper</strong></span> <span class='ocrx_word' id='word_1_381' title='bbox 1152 4125 1212 4160; x_wconf 88' lang='lat' dir='ltr'><strong>enm</strong></span> <span class='ocrx_word' id='word_1_382' title='bbox 1230 4103 1363 4158; x_wconf 72' lang='lat' dir='ltr'><strong>sedentem</strong></span> 
     </span>
    </p>
   </div>
   <div class='ocr_carea' id='block_1_13' title="bbox 190 4186 1031 4287">
    <p class='ocr_par' dir='ltr' id='par_1_15' title="bbox 190 4186 1031 4287">
     <span class='ocr_line' id='line_1_40' title="bbox 190 4186 1031 4287; baseline -0.048 -7"><span class='ocrx_word' id='word_1_383' title='bbox 190 4283 192 4287; x_wconf 69' lang='grc'><em>,</em></span> <span class='ocrx_word' id='word_1_384' title='bbox 290 4242 336 4275; x_wconf 77' lang='lat' dir='ltr'><strong>ms.</strong></span> <span class='ocrx_word' id='word_1_385' title='bbox 348 4218 403 4276; x_wconf 79' lang='lat' dir='ltr'><strong>Pel.</strong></span> <span class='ocrx_word' id='word_1_386' title='bbox 413 4234 461 4273; x_wconf 76' lang='lat' dir='ltr'><strong>vec.</strong></span> <span class='ocrx_word' id='word_1_387' title='bbox 471 4206 582 4265; x_wconf 80' lang='lat' dir='ltr'><strong>laudavit</strong></span> <span class='ocrx_word' id='word_1_388' title='bbox 591 4202 665 4258; x_wconf 87' lang='lat' dir='ltr'><strong>Grut.</strong></span> <span class='ocrx_word' id='word_1_389' title='bbox 674 4198 756 4253; x_wconf 69' lang='lat' dir='ltr'><strong>Scbo.</strong></span> <span class='ocrx_word' id='word_1_390' title='bbox 850 4192 929 4246; x_wconf 75' lang='lat' dir='ltr'><strong>effert.</strong></span> <span class='ocrx_word' id='word_1_391' title='bbox 942 4186 1031 4243; x_wconf 73' lang='lat' dir='ltr'><strong>Rmk.</strong></span> 
     </span>
    </p>
   </div>
   <div class='ocr_carea' id='block_1_14' title="bbox 0 0 1508 4992">
    <p class='ocr_par' dir='ltr' id='par_1_16' title="bbox 0 0 1508 4992">
     <span class='ocr_line' id='line_1_41' title="bbox 0 0 1508 4992; baseline 0 0"><span class='ocrx_word' id='word_1_392' title='bbox 0 0 1508 4992; x_wconf 95' lang='lat' dir='ltr'><strong> </strong></span> 
     </span>
    </p>
   </div>
  </div>
 </body>
</html>
