2975 4992
333 376 402 445 386
629 370 668 441 L.
694 366 872 439 ANNAEI
893 370 1109 441 SENECAE

332 527 421 597 saepe
438 501 513 570 illos
527 501 768 593 reliquerimus
785 502 821 567 in
835 499 985 592 aliquem
1001 501 1312 594 peregrinationem
1328 503 1407 572 lon-

332 624 495 715 ginquam
514 620 660 705 exiturig
688 642 790 711 quam
812 639 924 709 saepe,
951 614 1073 684 eodem
1102 634 1273 687 morantes
1299 620 1400 702 loco,

330 760 399 803 non
413 732 598 804 viderimus
616 760 623 799 :
641 732 887 825 intelligemus,
909 732 989 826 plue
1004 755 1067 799 nos
1084 736 1247 826 temporie
1267 735 1305 803 in
1318 736 1405 803 vivia

329 846 520 943 perdidieee
531 853 556 915 ¹.
568 850 672 915 Ferae
684 862 796 914 aulem
809 845 891 928 hos,
902 848 980 938 qni,
993 870 1100 940 quum
1109 848 1403 943 negligentissime

328 968 453 1035 amicos
472 964 620 1033 habeant
638 1016 647 1047 ‚
668 965 860 1038 miserrime
882 962 1026 1058 lugent,
1053 988 1119 1035 nec
1140 983 1254 1035 amant
1280 991 1403 1059 quem-

283 1102 301 1154 8
329 1106 449 1174 quamv,
470 1083 536 1150 nisi
556 1102 660 1173 quum
680 1079 927 1176 perdiderunt²
941 1080 957 1148 1
971 1074 1145 1173 Ideoque³
1163 1097 1245 1149 tune
1261 1082 1403 1151 effusius

328 1214 493 1284 moerent,
514 1198 595 1290 quia
621 1213 785 1265 verentur
805 1218 850 1264 ne
869 1194 1011 1264 dubium
1032 1197 1096 1278 sit,
1121 1220 1165 1265 an
1187 1201 1401 1283 amarer-inu

327 1334 402 1381 sera
416 1304 563 1383 indioia⁴
572 1308 712 1379 affectus
726 1311 779 1377 sui
789 1303 982 1401 quaerunt⁵.
995 1312 1031 1379 si
1043 1308 1208 1379 habemus
1220 1311 1307 1379 alios
1319 1314 1404 1379 ami·

322 1455 402 1516 noe,
423 1431 510 1500 male
526 1429 570 1497 de
587 1428 642 1496 his
660 1441 694 1495 et
710 1450 903 1511 meremur,
921 1444 955 1497 et
966 1430 1214 1514 existimamus,
1235 1430 1318 1522 qnia
1337 1452 1403 1523 pa·

324 1570 401 1617 rum
426 1548 541 1615 valent
561 1547 597 1613 in
622 1546 725 1615 uniua
746 1543 826 1613 elati
850 1544 1006 1614 solatium
1028 1572 1036 1612 :
1058 1546 1087 1613 si
1114 1570 1182 1613 non
1206 1546 1397 1628 babemus,

325 1665 486 1756 majorem
500 1664 565 1755 ipsi
582 1660 680 1729 nobie
696 1660 857 1752 injuriam
873 1660 1034 1745 lecimus,
1050 1686 1151 1753 qnam
1166 1686 1187 1729 a
1198 1662 1335 1732 forenna
1347 1688 1404 1732 ao-

326 1780 491 1872 oepimua.
520 1778 581 1846 llla
607 1800 712 1845 unum
738 1774 904 1860 abstulit3
935 1799 996 1843 nos
1027 1770 1304 1869 quemeumque‘
1331 1804 1401 1847 non

277 1923 298 1977 p
325 1898 478 1966 fecimus.
502 1893 636 1965 Deinde
660 1919 704 1963 ne
731 1918 838 1962 unum
862 1894 999 1985 quidem
1023 1896 1125 1962 nimis
1147 1898 1309 1977 amavitl,
1339 1900 1400 1987 qui

324 2014 517 2105 plusquam
538 2036 643 2079 unum
662 2033 776 2078 amare
794 2033 862 2077 non
879 2011 1002 2102 potuit.
1021 2010 1057 2079 si
1077 2011 1155 2101 quis
1172 2008 1398 2102 despoliatus,

261 2186 263 2191 .
322 2131 444 2197 amissa
463 2131 564 2197 unioa
589 2122 740 2210 tuniaa⁰‚
762 2125 974 2218 eomplomre
994 2148 1030 2193 se
1052 2125 1171 2207 malit,
1200 2150 1303 2218 qnam
1325 2128 1402 2195 cir-

320 2243 553 2333 cumspicere,
569 2238 739 2332 qnomodo
754 2240 865 2331 frigus
878 2239 1021 2333 effugiat
1032 2288 1042 2321 ,
1055 2254 1089 2305 et
1100 2237 1233 2331 aliquid
1248 2240 1403 2306 inveniat

355 2433 419 2485 nlo
429 2435 496 2487 vivis
506 2435 658 2501 perdidisse.
668 2432 753 2501 Quem
766 2452 834 2485 nune
883 2452 973 2485 rorum
989 2432 1152 2506 scripturam.
1178 2445 1206 2485 ul
1226 2432 1352 2486 facillime
1366 2434 1403 2487 el·

319 2512 423 2584 perdere
435 2524 551 2584 putamus
570 2512 598 2563 in
612 2510 733 2572 mortuis,
755 2528 833 2580 quum
883 2523 964 2562 lorum
976 2530 1020 2580 pro
1033 2509 1111 2564 altero
1125 2510 1232 2582 legetur,
1240 2510 1352 2580 ideoque
1363 2511 1403 2564 al·

319 2590 352 2642 eb
362 2588 507 2661 inseparati
518 2608 612 2642 snmus.
623 2587 711 2641 Hohl.
882 2597 963 2638 lerum
975 2586 1077 2641 alterius
1090 2588 1175 2641 locum
1185 2601 1301 2661 occupet.

354 2688 377 2722 a.
390 2669 452 2721 Nisi
462 2686 544 2737 purim
550 2668 727 2733 perduremus.
738 2666 781 2718 sie
789 2665 835 2719 be·
916 2668 940 2715 5.
951 2664 1077 2735 Affeelrse.
1085 2701 1106 2715 ..
1115 2678 1256 2734 quamne.
1267 2666 1401 2718 Nonnulli

319 2766 351 2801 ne
365 2747 422 2800 edd.
433 2766 490 2799 cum
503 2766 550 2798 ms.
563 2747 624 2818 Δις.
637 2747 662 2797 b.
672 2744 744 2796 Ferri
758 2743 834 2796 etiem
883 2741 1403 2814 codd-'suetiuetojsecluslsm‘relr’npuunt

320 2834 419 2900 polerel
431 2830 484 2879 nlsr'
490 2828 664 2894 perdiderint,
676 2826 746 2898 quod
759 2824 835 2877 halet
881 2830 1042 2887 elquoemnl.
1051 2822 1151 2895 Lipsius
1159 2834 1326 2895 pulatrerare
1335 2824 1405 2875 alee-

319 2904 359 2956 ed.
368 2905 404 2955 A.
416 2922 474 2955 cum
483 2922 540 2957 mee.
550 2922 570 2957 c.
579 2902 656 2954 l'eris.
665 2915 690 2954 el
700 2903 775 2954 Grnl.
783 2904 833 2955 Sed
882 2918 940 2951 nrm
950 2899 1038 2965 verbi,
1053 2903 1104 2955 nisi
1119 2902 1240 2955 rescribes
1257 2905 1406 2974 relinquere

320 2998 449 3053 perperam
469 2990 493 3032 et
503 2979 589 3031 invitis
601 2978 671 3030 libris
684 2983 738 3030 nisi
752 3000 834 3047 quum
881 2986 1008 3044 quamne.
1020 2978 1110 3030 llnlrlr.

317 3059 475 3124 perdiderint
487 3057 525 3109 ed.
542 3055 625 3108 liuhi.
636 3054 717 3109 Scdw·
913 3054 937 3108 li.
948 3056 1201 3128 Quemcumquenon
1206 3058 1324 3125 jecimus
1330 3070 1404 3110 reete

353 3132 832 3202 3.1deoque...qnnmnt.llontiteren
881 3135 922 3187 ed.
935 3131 970 3186 R.
983 3153 1040 3187 eum
1051 3154 1109 3186 mss.
1124 3138 1186 3208 Arg.
1196 3136 1219 3187 d.
1232 3136 1288 3187 l’er.
1296 3156 1324 3191 o.
1339 3137 1364 3189 b.
1377 3140 1407 3189 d.

320 3209 414 3263 doloris
422 3210 590 3263 ambilionem
599 3248 606 3273 ,
615 3228 690 3280 quem
700 3210 795 3283 eupre§
808 3231 832 3276 ι,
882 3212 953 3265 Mod.
962 3212 1024 3285 Ope.
1035 3224 1059 3264 el
1069 3212 1145 3265 Grul.
1155 3211 1293 3285 Perperene
1304 3233 1406 3283 quem·

319 3287 369 3359 jem
381 3300 515 3341 taxaverat.
525 3286 615 3339 null.
882 3310 963 3361 quom
971 3290 1115 3362 vulgoedd.
1125 3289 1332 3343 indeabEreem.
1341 3312 1404 3345 rnen

352 3368 376 3433 4.
386 3364 453 3421 Sera
471 3368 576 3419 indicia.
595 3364 679 3419 lluhl.
691 3383 752 3417 sem
759 3368 833 3432 judi·
883 3368 923 3419 ed.
933 3370 967 3421 A.
980 3380 1005 3419 el
1016 3387 1061 3420 me.
1069 3386 1091 3420 c.
1103 3368 1172 3438 qnod
1186 3369 1297 3422 servarit
1312 3370 1405 3423 Ruhk.

318 3447 359 3497 rio
376 3464 384 3497 .·
400 3444 436 3497 eie
453 3443 535 3507 enim,
548 3441 646 3513 inquit,
659 3462 748 3495 omnes
756 3463 833 3516 prope
882 3446 963 3499 Sclw.
973 3470 1007 3483 -
1016 3446 1127 3499 Sensus:
1138 3465 1185 3498 nos
1194 3464 1228 3497 ne
1238 3465 1322 3499 unum
1334 3450 1406 3519 qni-

319 3522 393 3575 rodd.
402 3534 426 3573 et
436 3522 492 3574 edd.
503 3540 511 3585 ς
521 3532 545 3574 et
552 3538 626 3591 supra
636 3520 712 3589 ereis
722 3538 749 3572 2:
757 3540 834 3591 argu·
883 3522 942 3573 dem
952 3523 1152 3593 comparavimus
1163 3523 1284 3576 emirum.

318 3610 406 3652 merila
417 3600 541 3651 desiderii
548 3601 698 3669 poterimus.
709 3598 766 3651 lloe
775 3598 831 3650 loeo
916 3619 939 3663 7.
950 3598 990 3650 Ne
997 3601 1192 3667 unumquidem
1199 3603 1406 3653 ηἱπιίιαωαοίι.

318 3689 403 3729 lemen
418 3676 500 3749 polion·
512 3676 613 3727 videtur
625 3674 699 3726 lertio
715 3668 829 3735 indicio,
880 3674 978 3726 Vocem
988 3678 1077 3737 nime.
1092 3672 1153 3727 inde
1162 3694 1177 3727 a
1187 3678 1291 3728 Murelo
1302 3689 1405 3729 eernere

319 3766 343 3807 el
351 3752 434 3806 sensui
443 3750 649 3817 convenientior-g
658 3772 751 3825 nempe
759 3753 777 3804 ii
786 3752 831 3823 qni
880 3750 958 3821 vulgo
969 3750 1088 3803 omissam
1097 3790 1105 3818 ‚
1114 3751 1211 3804 restilui
1222 3772 1251 3804 er
1262 3753 1323 3805 edd.
1339 3770 1405 3807 reu.

317 3830 390 3883 rivos
410 3830 504 3884 aneicoe
524 3830 704 3902 neglexerunt,
727 3829 829 3900 illisque
880 3842 905 3881 el
916 3829 1006 3881 mestis.
1017 3826 1218 3898 Solem-Quia
1228 3829 1342 3882 amicitia
1355 3850 1402 3883 so·

318 3930 394 3984 prope
409 3908 508 3963 nullum
522 3908 625 3961 allectus
637 3906 764 3959 indicium
779 3908 831 3960 de·
879 3908 1122 3972 debilissimam,
1135 3926 1183 3961 nec
1192 3922 1222 3960 ul
1231 3910 1345 3963 leseirns
1355 3910 1405 3963 ille

318 3988 422 4057 derunt,
431 4006 484 4039 sere
493 3987 604 4052 eisdem,
613 3986 831 4039 etalimutdelnn·
879 4006 960 4051 arnor,
973 3986 1000 4037 in
1011 4004 1091 4038 unum
1104 3987 1190 4038 ferlnr.
1202 3987 1324 4055 Liprisrs.

317 4065 351 4117 eli
363 4077 436 4131 sunl,
450 4064 542 4117 amoris
561 4060 623 4116 dent
639 4062 742 4115 indicia.
757 4063 830 4116 Adde
912 4064 936 4114 ll.
946 4062 979 4115 Si
990 4066 1075 4133 quis...
1093 4066 1170 4115 unico
1188 4066 1287 4117 lnnim.
1307 4064 1406 4117 Sermo

316 4143 346 4194 in
363 4162 420 4194 mss.
435 4141 500 4193 odeo
520 4140 629 4193 similam
652 4158 703 4191 eser
722 4140 830 4193 duarum
881 4152 917 4192 ese
928 4141 958 4193 de
967 4140 1071 4193 homine
1079 4140 1187 4196 noeioe
1195 4141 1328 4196 secularis
1339 4143 1407 4195 :di—
