2975 4992
299 394 367 479 614
592 392 632 462 L.
660 392 838 461 ANNAEI
861 392 1082 465 SENE‘CAE

299 520 473 591 Adversus
488 520 556 589 hoe
572 523 622 590 sie
639 523 848 618 respondent
865 524 1107 617 Peripatetici,
1123 540 1175 609 ut,
1193 524 1289 618 quod
1302 530 1376 619 pn·-

244 686 271 722 n
302 662 393 705 mum
404 638 643 731 proponimus,
662 638 782 707 falsum
797 662 871 707 esse
883 639 1011 708 diosnt.
1029 655 1048 705 s·
1058 640 1111 709 Ab
1122 665 1177 725 eo,
1190 642 1374 733 inquiunt,

302 752 394 845 quod
412 768 464 822 est
485 754 632 838 bonum,
653 770 724 827 non
740 756 860 847 utique
885 756 974 823 liunt
995 756 1090 825 boni.
1114 759 1156 824 In
1175 759 1307 825 musieo
1328 773 1379 825 est

302 870 441 963 aliquod
458 871 605 958 bonum,
626 861 787 965 tanquam
806 872 913 957 tibia,
939 889 999 941 aut
1023 873 1172 958 chorda,
1194 890 1256 943 aut
1272 898 1379 965 onga-

184 994 187 1001 ’
302 988 543 1082 num·aliquod
559 1006 707 1083 aptatum
725 990 771 1059 ad
784 1014 866 1058 usus
883 990 1052 1075 canendi3
1074 992 1162 1060 nihil
1179 1008 1296 1060 tamen
1313 990 1381 1058 ho-

304 1130 380 1173 rum
398 1106 479 1174 facit
494 1106 673 1173 musicum.
692 1134 708 1171 n
725 1144 767 1157 -
779 1108 844 1175 llic
862 1106 1145 1201 respondebimus
1164 1137 1173 1176 ι
1189 1110 1267 1177 Non
1283 1107 1382 1175 intel·

304 1222 411 1315 ligitis
437 1222 606 1315 quomodo
632 1225 866 1316 posuerimus,
891 1250 906 1288 t(
921 1223 1013 1316 quod
1030 1224 1158 1293 bonum
1180 1220 1287 1293 estin
1305 1250 1382 1292 mu-

306 1342 376 1409 sioa
389 1344 413 1406 ¹.
429 1366 445 1403 n
466 1342 542 1408 Non
566 1341 658 1407 enim
677 1340 715 1407 id
734 1339 899 1424 dicimus,
921 1340 1014 1435 quod
1034 1342 1172 1411 instruit
1189 1344 1379 1421 musicum,

308 1456 369 1525 sed
387 1455 480 1551 quod
499 1456 580 1525 iacit
598 1471 663 1525 :tu
683 1455 728 1525 ad
749 1456 993 1550 supellectilem
1007 1460 1114 1544 artis,
1128 1482 1202 1527 nou
1218 1457 1262 1527 ad
1275 1474 1382 1527 artem

251 1616 281 1657 ss
309 1574 417 1640 venis.
434 1574 469 1642 Si
490 1572 573 1666 quid
590 1590 703 1643 autem
723 1575 761 1640 in
784 1574 858 1666 ipsa
880 1588 954 1643 arte
972 1576 1099 1643 musica
1111 1575 1240 1644 bonum
1256 1591 1330 1660 est,
1350 1572 1386 1640 id

310 1692 429 1781 utique
444 1692 607 1759 musicum
624 1692 736 1761 faciet.
752 1692 956 1760 Etiamnunc
970 1690 1081 1760 iacere
1093 1692 1130 1760 id
1142 1694 1281 1787 planius
1293 1692 1384 1761 volo.

312 1808 439 1903 Bonum
457 1808 582 1876 inante
601 1810 727 1876 musica
744 1808 877 1877 duobus
892 1806 1002 1876 modis
1017 1807 1164 1877 dicitur:
1178 1808 1303 1894 altero,
1320 1830 1388 1901 quo

312 1924 452 1991 effeetus
470 1927 588 1993 musici
605 1925 807 2019 adjuvatur3
828 1925 957 2011 altero,
980 1951 1049 2018 quo
1065 1950 1134 1994 ars.
1155 1924 1210 1993 Ad
1229 1926 1388 1993 effectum

314 2040 488 2132 pertinent
505 2041 750 2122 instrumenta,
772 2016 883 2122 tiliiae,
901 2059 936 2110 et
951 2066 1098 2135 organa,
1121 2057 1156 2110 et
1175 2042 1334 2130 chondae3
1346 2037 1388 2110 ad

314 2170 422 2223 artem
438 2158 545 2249 ipsam
566 2180 634 2225 non
652 2160 838 2250 pertinent.
863 2162 921 2227 Est
938 2159 1029 2227 enim
1049 2157 1171 2227 artifex
1189 2160 1295 2227 etiam
1318 2157 1391 2224 sine

316 2272 411 2361 istis3
435 2271 485 2341 uti
513 2270 654 2339 forsitan
683 2295 752 2340 non
780 2288 891 2367 potest
915 2291 1000 2342 arte.
1027 2276 1102 2342 Hoc
1122 2293 1192 2341 non
1221 2288 1274 2339 est
1297 2292 1392 2363 mque

317 2385 442 2479 duplex
465 2389 502 2455 in
522 2386 684 2457 bomine²
711 2416 718 2456 :
742 2387 834 2459 idem
856 2392 948 2459 enim
962 2391 1087 2459 bonum
1110 2406 1145 2458 et
1164 2386 1338 2471 hominis,
1361 2402 1395 2452 et

318 2505 406 2577 vitae·
798 2511 801 2517 ’
959 2516 963 2526 ’
1217 2576 1220 2580 ,

265 2672 295 2729 13
373 2620 498 2717 «Quod
507 2614 795 2719 contemptissimo
804 2626 929 2718 cuique
941 2626 1189 2717 eontingersnc
1200 2624 1396 2716 turpissimo

322 2755 455 2833 potest,
476 2739 603 2809 bonum
618 2764 687 2809 non
703 2758 754 2809 est
773 2768 780 2808 :
797 2766 878 2837 opes
891 2756 1003 2809 autem
1018 2757 1053 2809 et
1065 2740 1204 2822 lenoni,
1219 2754 1257 2807 et
1269 2739 1397 2807 lanista

302 2890 303 2895 κ
324 2844 527 2950 contingunt
551 2884 558 2923 :
581 2881 752 2951 ergomon
767 2875 847 2929 sunt
864 2860 954 2931 bona
966 2853 993 2926 ³.
1009 2886 1026 2925 s
1044 2897 1084 2911 -
1096 2857 1237 2927 Felsum
1254 2873 1328 2935 est,
1344 2856 1400 2921 in-

325 3072 838 3147 merumretenentes.divitiasglorism,
888 3075 992 3127 tinction
1003 3091 1011 3126 .·
1022 3076 1104 3144 coqui
1112 3072 1212 3127 esthon
1221 3072 1340 3137 pourtua·
1345 3068 1403 3121 Μ

326 3150 494 3204 nobilitatem.
508 3152 549 3205 Gi.
570 3151 641 3205 stols.
654 3152 707 3205 Ecl.
728 3154 769 3214 ll,
787 3172 799 3221 7
815 3174 839 3225 p.
887 3171 1000 3219 panesa
1013 3153 1061 3204 vie.

329 3229 384 3283 286.
397 3230 524 3284 Ceterum
539 3232 630 3285 merito
641 3232 741 3287 mireris
751 3271 759 3300 ‚
771 3232 841 3302 qnod
923 3230 947 3283 ³.
958 3232 1032 3303 Ergo
1043 3253 1095 3284 non
1106 3240 1169 3284 sunt
1179 3230 1258 3283 bom
1276 3228 1330 3282 nie
1348 3227 1404 3299 syl-

328 3322 405 3365 status
416 3310 608 3371 controversiae.
622 3332 696 3381 quem
709 3332 839 3377 vocamus,
887 3308 1014 3385 logismus
1027 3310 1092 3364 bene
1105 3324 1163 3364 cum
1178 3308 1343 3364 antecedenti
1357 3329 1405 3361 eo-

329 3410 343 3442 a
357 3391 540 3465 disputantibus
555 3390 684 3465 neglectus
697 3390 735 3443 sit.
751 3390 840 3444 linit.
889 3390 983 3456 haret,
998 3381 1024 3443 s.
1043 3392 1112 3444 idem
1131 3390 1224 3443 docet:
1239 3388 1334 3461 quippe
1356 3405 1405 3457 quo

367 3490 387 3521 t.
397 3466 505 3522 Bonum
514 3480 553 3523 est
562 3474 590 3522 in
600 3474 709 3523 massica.
722 3468 765 3522 Sic
775 3483 841 3522 recte
891 3466 1014 3530 efficitur,
1025 3468 1126 3523 fortuita
1134 3488 1188 3521 non
1197 3465 1337 3519 essebons.
1347 3461 1407 3518 Sta-

333 3548 372 3600 ed.
385 3546 420 3600 R.
431 3568 488 3600 eum
497 3566 544 3600 ms.
557 3568 577 3601 c.
591 3562 616 3601 et
625 3547 689 3601 aliis.
701 3548 786 3619 Vulgo
795 3548 842 3600 bo-
891 3559 967 3601 tuunt
979 3559 1064 3600 autem
1076 3587 1084 3615 ,
1103 3546 1237 3599 Musarum
1258 3544 1364 3603 studia,
1384 3556 1407 3595 st

331 3646 395 3678 num
408 3636 448 3679 est
459 3631 566 3679 must'co.
580 3626 660 3681 Schts.
891 3624 1048 3693 litterarum,
1062 3624 1100 3677 uti
1111 3637 1137 3676 et
1147 3643 1271 3695 equorum
1283 3635 1359 3693 atque
1366 3641 1408 3673 ts-

367 3704 451 3759 2.Hoc
461 3726 512 3758 non
523 3718 562 3759 est
570 3725 643 3779 aque
652 3706 753 3773 duplex
762 3708 791 3757 in
798 3705 846 3757 do-
894 3724 977 3770 num,
998 3702 1025 3755 in
1041 3702 1190 3755 universum
1209 3712 1275 3754 tetes
1292 3698 1408 3751 libenlss

334 3786 411 3836 mine·
428 3782 476 3835 lnt.
496 3802 549 3835 non
570 3783 685 3835 eamdem
703 3781 847 3835 distinctio·
894 3802 984 3835 omnes
1006 3781 1088 3835 studia
1106 3779 1211 3853 quidem
1234 3779 1336 3846 vocari,
1359 3797 1409 3829 non

336 3880 394 3912 nem
411 3862 492 3914 lacere
508 3871 577 3937 potes
591 3860 618 3911 in
633 3859 738 3913 homine
748 3900 756 3923 ,
776 3878 805 3911 ae
818 3859 847 3912 in
896 3872 981 3913 tamen
999 3860 1135 3923 scientim
1160 3871 1236 3931 atque
1257 3858 1327 3911 adso
1347 3858 1410 3910 inter

335 3938 445 4007 artilice;
459 3960 518 3994 nem
529 3940 598 4013 quod
609 3940 705 3993 bonum
716 3952 752 3993 est
762 3938 848 3991 homi·
897 3938 989 4011 probos
1008 3937 1107 3991 habitus
1122 3939 1133 4001 (
1145 3937 1193 3990 im
1205 3946 1257 3999 ωἳς
1269 3936 1409 3996 σπουδαίως

336 4020 374 4085 ni,
387 4020 484 4074 bonum
493 4032 528 4073 est
538 4018 595 4073 vius
605 4020 657 4091 ejus
670 4037 762 4089 :quem
773 4016 849 4092 phte-
897 4020 976 4083 ἵξεαι)
993 4036 1036 4069 eos
1046 4028 1190 4069 numerant.
1208 4014 1283 4068 stol».
1301 4014 1356 4067 Est
1370 4014 1409 4076 ll,

337 4100 375 4150 sin
388 4098 424 4152 sic
437 4098 513 4151 vertit
524 4095 666 4167 Lagrange
675 4116 683 4149 :
693 4094 769 4149 Mais
780 4098 849 4147 dant
899 4116 1001 4169 7‚ptg.
1017 4115 1061 4148 121
1074 4115 1111 4167 sq.
1127 4095 1199 4149 unde
1214 4106 1241 4145 et
1257 4091 1410 4166 Chrysippus

338 4180 461 4231 l'homme
470 4180 492 4231 1¹!
503 4180 552 4247 n'y
562 4197 579 4228 a
591 4194 644 4245 pas
654 4178 683 4227 la
697 4173 781 4229 me⁴me
795 4176 849 4226 dis·
899 4193 994 4247 magno
1005 4174 1063 4227 usui
1076 4193 1129 4226 esse
1140 4185 1206 4227 artes
1221 4170 1344 4226 liberales
1357 4170 1412 4223 sie·
