2975 4992
363 365 430 447 aad
648 360 688 427 L.
708 362 895 431 vANNAEI
919 358 1140 430 SENECAE

361 511 499 564 ctutem.
520 494 605 560 Nam
620 492 902 583 quemadmodum
917 478 1073 560 senectus
1083 490 1354 565 adolescentiam¹
1372 526 1417 571 se-

360 612 496 703 quitur,
510 610 556 675 ita
570 631 660 675 mora
673 624 896 677 senectutem.
912 609 1035 676 Vivere
1048 606 1174 690 noluit,
1188 610 1247 700 qni
1263 615 1343 680 mori
1355 640 1417 686 non

288 804 293 823 ὦ
319 762 336 817 9
360 726 444 795 vult.
466 724 771 829 Q„}{¹.il¹³.„9!¹!¹‚¹
796 726 1001 826 exceptione·
1020 724 1138 829 mortis
1164 724 1353 828 d⁰,¹3¹.9⁸.t²i
1378 731 1417 799 ad

274 844 290 895 ²..
352 842 551 944 „inane-itur.
573 840 685 933 Quam
706 841 784 908 ideo
803 842 923 908 timere
949 824 1116 909 dementia
1140 856 1212 925 eat3
1239 844 1318 934 quia
1334 842 1417 915 certa

358 971 610 1049 exspectantur,
629 949 733 1021 dubia
747 970 956 1023 metuuntur.
971 956 1065 1022 Mons
1081 955 1314 1023 necessitatem
1325 955 1417 1028 habet

279 930 286 961 i

357 1102 486 1170 aequam
504 1093 538 1145 et
555 1077 731 1145 invictam.
753 1076 841 1169 Quia
860 1078 958 1169 queri
976 1093 1108 1170 potest,
1126 1078 1217 1147 inea
1234 1078 1419 1151 conditione

229 1284 231 1291 y
357 1218 393 1263 ae
412 1218 505 1275 esse,
532 1193 569 1261 in
588 1215 655 1284 qua
677 1216 777 1260 nomo
793 1217 863 1261 non
882 1194 964 1261 eat?
985 1195 1097 1289 prima
1121 1186 1256 1271 autem³
1281 1221 1357 1288 pars
1374 1216 1419 1268 est

164 1362 167 1373 .
229 1373 234 1406 ἰ
335 1312 548 1408 ..a-equitatis,
566 1308 752 1401 aequalitas.
768 1310 835 1379 Sed
848 1333 941 1378 nunc
955 1333 1200 1403 supervacuum
1214 1329 1284 1394 est,
1302 1329 1418 1381 natum

188 1419 192 1427 ’
229 1442 233 1461 ²
301 1422 305 1427 ⁵
357 1410 491 1495 eausam*
501 1449 625 1519 agere,
640 1448 717 1517 quae
728 1425 908 1493 nonaliam
924 1425 1031 1493 voluit
1044 1425 1152 1517 legem
1165 1443 1313 1495 nostram
1327 1453 1416 1513 eoae,

357 1566 457 1633 quam
469 1566 574 1610 suam.
588 1541 769 1634 Quidquid
784 1543 993 1635 composuit,
1008 1541 1148 1610 resolvit
1162 1571 1172 1627 3
1187 1558 1241 1625 et,
1258 1543 1419 1635 quidquid

303 1684 333 1721 ιο
356 1658 516 1742 resolvit,
534 1658 705 1749 componit
718 1658 842 1724 iterum
853 1652 880 1724 ⁴.
898 1659 969 1725 Jam
987 1682 1070 1727 vero
1088 1659 1117 1725 ai
1136 1660 1191 1726 cui
1207 1661 1369 1753 contigit,
1386 1679 1421 1729 ut

355 1775 452 1843 iilum
471 1790 627 1843 senectus
652 1774 775 1841 leniter
795 1775 986 1855 emitteret,
1016 1799 1085 1842 non
1110 1792 1252 1869 repente
1273 1778 1421 1846 avulsum

355 1892 463 1973 vitae,
492 1889 553 1958 sed
577 1891 768 1957 minutatim
800 1882 1042 1977 subductum⁵3
1072 1887 1215 1961 nonne⁶
1237 1892 1297 1961 ille
1323 1918 1420 1989 agere

356 2010 481 2103 gmtias
499 2010 574 2077 Diis
598 2006 756 2075 omnibus
779 2003 902 2090 debet,
930 2008 1021 2099 quod
1041 2010 1180 2078 satiatus
1204 2009 1248 2078 ad
1274 2013 1422 2105 sequiem

354 2126 485 2193 homini
503 2126 726 2193 necessariam
735 2173 747 2207 ,
766 2122 853 2191 lasso
868 2140 1015 2216 gratam,
1033 2123 1219 2218 perductus
1231 2144 1282 2194 eat
1293 2130 1309 2195 i
1322 2127 1421 2198 Vides

355 2240 516 2333 quosdam
535 2254 687 2333 optantes
704 2254 867 2321 mortem,
888 2238 1079 2331 etquidem
1098 2242 1222 2333 magia,
1241 2266 1344 2333 quam
1364 2268 1423 2310 ro-

356 2359 429 2451 gari
448 2356 533 2424 solet
550 2356 632 2424 vita.
660 2355 783 2421 Nescio
806 2368 901 2421 utros
925 2355 1110 2422 existimem
1136 2357 1299 2449 majorem
1326 2360 1424 2427 nobis

353 2477 503 2543 animum
527 2472 629 2557 dare,
652 2472 711 2562 qui
734 2468 923 2563 deposcunt
947 2487 1111 2557 mortem,
1137 2496 1182 2541 an
1208 2477 1268 2565 qui
1298 2476 1424 2545 hilares

353 2612 425 2658 eam
438 2591 613 2683 quietique
624 2587 869 2679 opperiuntur,
885 2588 1043 2678 quoniam
1060 2587 1146 2655 illud
1156 2612 1196 2656 ex
1208 2590 1305 2658 rabie
1320 2595 1425 2659 inter-

352 2704 433 2773 dum
449 2728 489 2773 ac
506 2702 685 2795 repentina
704 2699 938 2793 indignatione
956 2702 1018 2785 fit,
1033 2703 1107 2770 haec
1124 2726 1163 2771 ax
1176 2704 1312 2797 judicio
1333 2725 1424 2776 certo

288 2796 327 2881 1ιι
352 2818 579 2911 tranquillitas
590 2833 651 2885 eat.
667 2816 769 2883 Venit
785 2816 909 2906 aliquia
925 2815 969 2884 ad
987 2834 1128 2886 mortem
1141 2821 1249 2889 inatus
1267 2826 1278 2868 ἲ
1294 2826 1422 2891 morti:

352 2938 543 3005 venientem
557 2956 656 3001 nemo
675 2930 795 2999 hilaria
811 2932 937 3025 excipit
945 2982 957 3020 ,
976 2935 1044 3001 nisi
1062 2936 1121 3026 qui
1139 2960 1175 3004 ae
1190 2936 1235 3005 ad
1251 2938 1348 3009 iliam
1364 2940 1425 3008 diu

350 3215 394 3249 mo
406 3207 431 3247 et
452 3192 502 3247 fide
524 3204 646 3266 receptam
666 3203 740 3262 atque
757 3188 789 3242 sd
804 3208 859 3241 eam
908 3190 976 3243 Par.
993 3210 1020 3243 u.
1037 3196 1061 3245 b.
1079 3194 1107 3245 d.
1126 3196 1347 3264 quemadmodum
1360 3216 1425 3271 sape

350 3286 448 3348 paratos
459 3273 542 3325 inisse.
556 3270 667 3323 Gronov.
751 3283 755 3289 ’
908 3268 1034 3339 praeterito
1045 3274 1347 3343 tempoeeutiturSenecs
1356 3275 1424 3328 deeo

387 3348 722 3412 1.Adolescentiam.1.ate‚
734 3366 780 3420 pso
790 3346 858 3400 virili
907 3346 977 3416 quod
987 3344 1044 3399 fieri
1059 3348 1130 3401 solet.
1142 3349 1224 3404 Sata.

349 3431 425 3483 etism
437 3442 525 3493 aetate,
539 3440 567 3480 ut
580 3445 652 3498 saepe..
665 3424 781 3492 Lipsius.
940 3424 964 3475 5.
976 3424 1135 3477 Minutatim
1154 3428 1318 3481 subductum.
1342 3430 1426 3503 Supra

382 3529 405 3560 2.
416 3510 445 3560 V
442 3512 480 3559 ita
487 3510 559 3567 ,enim
566 3524 624 3559 αιηι
632 3505 780 3569 exceptione
785 3522 856 3553 mor·
906 3497 956 3553 hoc
967 3500 1055 3564 verbi,
1069 3502 1096 3553 in
1107 3503 1195 3556 eadem
1204 3526 1230 3557 se
1239 3545 1247 3571 ,
1256 3506 1339 3578 Epist.
1351 3524 1427 3563 xxvt.

347 3590 383 3639 tis
393 3587 458 3637 daea
470 3592 515 3637 esi.
526 3582 558 3635 fl.
567 3603 588 3633 e.
601 3600 659 3633 cum
671 3578 818 3633 conditione
824 3580 856 3631 si·
904 3576 989 3630 Alexis
1004 3592 1077 3651 poeta
1090 3580 1216 3647 comicus,
1236 3603 1293 3635 cum
1314 3586 1426 3656 quidam

348 3663 402 3716 mul
413 3662 534 3715 habende
543 3660 689 3731 mortis.Ep·
702 3659 856 3726 undum
903 3676 989 3708 senem
1001 3676 1060 3709 eum
1080 3658 1203 3727 vidisset,
1219 3672 1244 3712 et
1260 3680 1331 3734 {egee
1347 3664 1426 3717 ince-

347 3740 392 3795 fiu.
407 3740 518 3793 Gronov.
905 3734 1024 3801 dentem,
1044 3736 1107 3807 qnid
1130 3736 1208 3806 agis?
1229 3738 1427 3813 interrogavit:

380 3817 404 3872 3.
414 3819 509 3871 Primo
516 3828 604 3871 autem
616 3815 655 3869 ed.
662 3814 696 3867 fl.
706 3833 762 3864 aum
768 3812 857 3867 melio·
905 3812 948 3864 itte
954 3826 1036 3865 autem
1041 3817 1194 3883 κατὲσχόλην
1199 3820 1357 3879 ἀποθνήσκεις
1362 3821 1428 3872 otio·

346 3896 417 3950 ribuo
427 3896 515 3949 mostis.
527 3896 623 3948 Prima
634 3896 702 3947 enim
711 3894 750 3943 ed.
758 3893 856 3947 Erasm.
903 3913 930 3946 se
941 3892 1053 3949 motion:
1066 3893 1093 3945 id
1107 3905 1144 3945 est
1160 3894 1287 3965 paulatim.
1297 3896 1426 3966 Lipsius.

347 3988 371 4029 et
382 3995 450 4047 seqq.
461 3994 520 4029 eum
532 3993 578 4025 ms.
594 3993 614 4025 c.
628 3985 652 4024 et
662 3972 701 4024 ed.
710 3972 747 4023 Α.
758 3970 839 4026 scta.
936 3971 960 4024 6.
972 3970 1070 4023 Nonne·
1082 3973 1134 4024 Noe
1145 3972 1203 4025 edd.
1215 3972 1295 4028 Scia.

380 4056 404 4121 4.
423 4056 558 4122 componit
580 4054 681 4103 item.
706 4048 858 4119 Composuit
938 4071 960 4119 7.
970 4048 1001 4099 V
998 4052 1152 4120 eaiiaiiquis
1163 4053 1318 4104 admoram
1333 4055 1426 4105 iratus

347 4137 439 4187 iterum
452 4131 491 4185 ed.
501 4132 536 4185 A.
550 4142 575 4183 et
586 4128 621 4181 fl.
630 4148 688 4184 eum
696 4147 754 4182 mss.
762 4126 787 4183 b.
798 4148 820 4182 e·
832 4139 857 4183 et
903 4130 994 4192 morti:
1002 4131 1143 4187 venientem
1151 4146 1225 4182 nemo
1232 4141 1278 4183 etc.
1287 4129 1335 4183 Sic
1345 4130 1428 4184 Gmt.
