2975 4992
299 414 366 501 dati
594 421 634 486 L.
659 416 836 486 ANNAEI
857 416 1069 487 SENECAE

299 542 374 628 det,
395 542 488 636 quod
510 545 661 641 effugere
679 571 747 615 non
764 548 892 641 possis,
918 571 1019 640 quam
1043 548 1224 617 fortissime
1243 549 1361 619 ferre:

297 660 435 730 illicest
449 664 657 748 constantia3
676 686 754 756 quar
769 662 873 757 dejici
891 642 966 733 loco
982 682 1056 732 non
1076 680 1206 758 potest,
1222 680 1257 733 et
1277 690 1363 759 pro-

293 776 445 868 ‘positum
457 776 552 845 nulia
561 779 596 847 vi
609 792 830 871 extorquente
843 776 983 866 dimittit
996 804 1004 847 :
1016 777 1089 846 iilic
1099 794 1152 847 est
1164 777 1364 848 individuus

244 911 274 946 ¹²
298 888 359 958 iile
371 893 548 961 comitatae
564 894 740 963 virtutum.
757 893 959 987 Quidquid¹
976 894 1119 965 honeste
1132 895 1172 979 fit
1177 944 1189 982 ,
1204 918 1274 963 una
1285 897 1365 963 Vir·

299 1019 354 1073 tus
366 1006 462 1090 facit,
478 1006 540 1077 sed
549 1032 591 1078 ex
602 1009 736 1079 consilii
749 1010 954 1097 sententia²3
969 1008 1063 1103 quod
1074 1027 1187 1080 autem
1198 1011 1243 1080 ab
1253 1010 1364 1079 omni·

298 1118 363 1189 bus
378 1122 562 1195 virtutibus
578 1124 836 1219 comprobatur,
858 1126 960 1195 etiam
973 1126 1003 1194 si
1019 1127 1064 1195 ab
1081 1152 1160 1197 unu.
1170 1127 1248 1198 fieri
1265 1126 1365 1196 ride·-

298 1249 371 1317 tur‚
388 1236 536 1330 optabile
548 1246 612 1308 est.

347 1349 471 1443 Quid?
482 1368 522 1421 tu
535 1355 705 1427 existimas
716 1378 759 1425 ea
774 1370 904 1425 tantum
921 1354 1084 1449 optabilia
1097 1377 1189 1438 esse,
1210 1377 1287 1446 qua
1300 1376 1366 1446 per

299 1464 508 1561 voluptatem
526 1485 565 1539 et
579 1472 687 1540 otium
708 1472 874 1559 veniunt?
894 1496 972 1565 qum
997 1472 1213 1566 excipiuntur
1233 1469 1366 1538 foribus

300 1577 479 1654 ornatis’?
493 1586 553 1654 Eat
567 1584 836 1679 qumdum'tristis
852 1582 1029 1681 voluptas⁴
1047 1611 1057 1654 ι
1076 1586 1165 1655 bona
1176 1601 1256 1654 sunt
1267 1610 1366 1679 quae-

300 1694 378 1766 dam
390 1714 468 1770 vota
478 1751 490 1788 ‚
510 1726 585 1795 qum
603 1727 672 1772 non
690 1704 930 1796 gratulantium
947 1718 1055 1790 coetu,
1071 1701 1132 1772 sed
1150 1702 1366 1770 adorantium

228 1815 276 1871 ⁴³
299 1818 602 1911 venerantiumque
617 1818 846 1888 celebrantur.
863 1820 915 1887 Ita
932 1835 971 1888 tu
989 1843 1060 1888 non
1075 1834 1175 1913 putas
1194 1815 1366 1911 Regulum

299 1947 450 2026 optasse,
472 1949 511 2003 ut
521 1932 568 2003 ad
576 1936 697 2004 Poenos
716 1938 939 2030 perveniret?
954 1934 1062 2003 Indue
1075 1935 1189 2028 magni
1206 1934 1274 2002 viri
1290 1934 1367 2000 ani-

300 2066 410 2127 mum,
432 2060 467 2115 et
482 2046 527 2114 ab
549 2047 769 2141 opinionibus
787 2049 883 2141 vulgi
907 2046 1029 2118 secede
1047 2048 1238 2142 paulisper-3
1258 2069 1365 2139 cape,

300 2177 461 2252 quantam
476 2158 598 2248 debes,
613 2164 758 2232 Virtutis
770 2165 1010 2258 pulcherrimae
1019 2188 1060 2232 ac
1073 2162 1368 2255 magnificentissi-

299 2300 362 2345 moe
371 2278 536 2372 speciem,
550 2301 627 2371 quae
637 2279 736 2349 uobis
746 2304 816 2350 non
823 2280 938 2362 thure3
947 2303 1011 2350 nec
1023 2280 1122 2349 sertis
1132 2272 1159 2363 ⁵,
1171 2277 1232 2347 sed
1240 2278 1366 2347 sudore

298 2412 334 2466 et
351 2400 515 2493 sanguine
539 2401 683 2469 colenda
704 2397 774 2469 est!
795 2401 919 2494 Aspice
932 2404 981 2469 M.
1004 2403 1186 2484 Catonem,
1205 2425 1301 2470 sacro
1313 2400 1366 2471 illi

298 2517 428 2608 pectori
442 2517 638 2609 purissimas
649 2510 769 2586 manus
777 2516 1032 2612 admoventem,
1047 2534 1082 2587 et
1092 2518 1235 2587 vulnera
1244 2541 1367 2612 purum

246 2628 275 2695 ¹⁴
299 2630 443 2701 demissa
458 2630 644 2705 ¹latrantem!
667 2636 789 2703 Utrum
808 2632 946 2702 tandem
963 2632 1017 2701 itti
1035 2632 1189 2702 dicturus
1206 2657 1243 2702 es
1262 2662 1272 2701 :
1289 2634 1367 2702 Vei·

299 2746 366 2817 lem
375 2799 387 2835 ,
400 2773 476 2842 quae
490 2743 636 2818 velles⁶i
653 2765 707 2834 et,
723 2750 866 2823 Moleste
879 2744 969 2818 fero!
987 2773 1032 2817 an
1050 2776 1058 2817 ε
1074 2749 1259 2836 Feliciter,
1272 2750 1367 2843 quod

300 2992 326 3045 b.
347 2992 404 3044 Par.
414 2992 439 3044 b.
452 2992 479 3043 d.
494 3002 520 3044 et
531 2990 606 3045 codd.
616 2992 690 3045 Grut.
706 2988 808 3066 Vulgo,
855 2992 994 3044 mount
1003 2990 1207 3059 quadamm-
1217 2988 1367 3063 Sieoptime

300 3072 383 3123 utitur
383 3072 524 3141 sortasse,
538 3086 596 3123 ctam
607 3090 677 3139 aaa,
692 3080 738 3123 ete.
751 3070 781 3123 S.
857 3073 919 3143 Arg.
929 3070 955 3122 b.
965 3069 999 3121 Et
1013 3069 1102 3122 vocsb.
1112 3069 1181 3121 bona
1190 3105 1199 3133 ,
1209 3070 1282 3139 quod
1297 3070 1368 3123 abest

336 3168 357 3201 ι.
381 3149 565 3221 Quidquid...
583 3153 719 3202 sententia.
737 3148 809 3201 Bene
855 3146 952 3221 vulgo,
965 3159 1107 3221 agnoscunt
1115 3145 1175 3198 iibri
1184 3166 1282 3199 omnes.
1295 3146 1326 3200 S.

300 3227 375 3279 vertit
385 3226 541 3299 &panget
555 3228 648 3279 Toum
660 3229 699 3279 les
708 3230 808 3280 αεὶιόω
891 3229 914 3281 5.
923 3226 984 3279 Non
993 3226 1082 3290 thum
1094 3245 1138 3279 nec
1147 3231 1231 3279 sertis·
1243 3225 1367 3300 &nupto

201 3358 202 3361 ,
301 3302 810 3373 hommeswnteaeetote'esparummte
858 3302 946 3358 salt
964 3324 1016 3356 mn
1037 3322 1112 3368 vere,
1133 3322 1178 3357 nec
1196 3307 1297 3357 sertis:
1316 3305 1367 3357 duo

301 3388 384 3445 oeno,
393 3388 464 3435 mcr's
471 3384 624 3437 det’avtsde
633 3382 809 3436 rocoa-Ex
856 3383 940 3453 priora
951 3382 1028 3435 verba
1037 3384 1106 3453 (qum
1116 3382 1208 3435 desum
1213 3382 1308 3457 vulgo)
1315 3384 1366 3457 pri·

300 3464 401 3514 consilii
414 3464 546 3515 sentencia.
558 3461 656 3529 Quasi,
671 3473 808 3531 antequam
856 3480 913 3513 mur
928 3460 1021 3532 abjecit
1031 3460 1166 3526 Erasmus,
1184 3481 1264 3533 quum
1281 3474 1366 3514 tamen

301 3539 398 3610 aliquid
411 3550 506 3611 agatur,
518 3556 605 3591 omues
617 3539 683 3590 inter
694 3558 720 3591 se
731 3538 809 3590 virtu·
856 3551 923 3592 recte
934 3539 962 3590 in
973 3541 1013 3591 ed·
1020 3541 1087 3593 Vra.
1094 3558 1145 3592 non
1153 3539 1363 3613 tduniegeretm,

301 3630 337 3669 tes
352 3615 575 3686 comulant,quid
586 3615 712 3687 agendum
722 3615 763 3667 sit.
856 3616 926 3689 quod
937 3616 1019 3691 ipsum
1036 3618 1113 3670 etiam
1124 3616 1225 3670 exhibet
1240 3637 1286 3669 ms.
1304 3619 1365 3690 Arg.

336 3716 357 3747 a.
366 3694 417 3747 Ex
427 3696 530 3747 consilii
539 3696 670 3746 sententia.
680 3691 767 3764 Vulgo
776 3694 810 3745 de
857 3695 882 3747 b.
892 3695 925 3746 In
934 3694 983 3748 alia
991 3694 1125 3748 discedunt
1134 3696 1174 3748 ed.
1181 3695 1217 3747 A.
1225 3706 1301 3747 etms.
1310 3694 1364 3747 cin

196 3832 201 3841 ,
300 3794 366 3829 cons.
377 3784 439 3829 sent.
452 3794 465 3825 a
476 3776 592 3838 Mureto,
605 3791 658 3826 non
670 3771 736 3824 mais
746 3807 754 3837 ,
765 3770 811 3823 aod
857 3771 951 3843 quibus
959 3778 1094 3825 consents
1103 3772 1253 3843 etfion‘bus·
1264 3769 1345 3824 de.

301 3855 386 3909 invitis
397 3854 469 3907 libris
481 3852 607 3907 omuibus.
619 3851 648 3905 S.
890 3848 915 3902 6.
932 3851 1036 3903 Vellem
1052 3869 1115 3918 oua
1125 3852 1213 3903 oetas.
1225 3848 1311 3902 lectio
1328 3859 1368 3903 att

334 3933 358 3985 3.
365 3932 480 3986 Fetibus
489 3934 588 3985 emtis
596 3968 603 3997 ,
612 3946 669 3999 quie
678 3929 705 3981 in
716 3948 742 3981 rc
753 3928 810 3981 iota
858 3946 919 3980 mss.
930 3927 1053 3981 Defendit
1069 3947 1125 3980 sam
1137 3927 1253 3980 Murem
1264 3926 1302 3978 tx
1313 3964 1321 3985 ‚
1338 3927 1362 3979 8.

181 4020 183 4025 ’
302 4010 374 4062 lauro
388 4021 413 4061 ct
423 4008 533 4063 lacernis
548 4008 633 4061 soient
644 4006 747 4059 obduci.
759 4006 809 4059 ni·
858 4006 932 4057 Vm.
946 4006 1023 4059 Iasstt.
1041 4005 1159 4059 Erumnr
1175 4025 1206 4058 cr
1216 4002 1368 4058 melioribus.

301 4085 348 4157 prii
358 4085 437 4142 Elect·
451 4089 477 4153 1,
491 4106 542 4160 cap.
558 4084 582 4139 3.
596 4084 684 4139 Ruit.
858 4084 1031 4137 codd-eruisse
1038 4084 1149 4138 Grutero
1155 4082 1362 4136 videbatuttNoi·

335 4162 425 4231 41:211
435 4167 559 4233 quadam
571 4167 654 4218 tristis
666 4168 788 4233 volupiae
800 4185 808 4217 :
858 4162 1167 4232 &ramunculus-Cui
1175 4162 1269 4215 boniet
1277 4179 1360 4219 matt·
