2975 4992
345 500 410 570 lios
631 505 670 571 L.
696 497 875 570 ANNAEI
898 499 1122 572 SENECAE

345 635 503 703 fenestris
522 633 739 726 amplissimis
760 633 947 726 recipiam
965 635 1033 701 nisi
1050 651 1087 702 et
1098 634 1257 702 lavantur
1268 630 1406 702 simulet

344 748 572 829 colorantur',
589 747 655 814 nisi
669 769 709 814 ex
723 745 809 814 solio
820 769 923 840 agros
934 763 971 815 et
983 749 1091 816 maria
1103 747 1333 841 prospiciunt.
1348 747 1407 814 lu·

343 887 431 956 que,
457 887 530 955 que
550 885 751 930 coneursum
774 878 810 930 et
830 862 1091 932 admirationem
1104 863 1406 955 babuesantqunm

342 976 616 1061 ordimur,
625 978 888 1068 inantiquornm
896 999 1076 1044 nnmerum
1084 977 1404 1069 rejieinntnr,quum

342 1093 475 1188 aliquid
482 1094 560 1166 novi
569 1093 702 1163 luxuria
711 1109 902 1162 commenta
910 1107 980 1177 est,
993 1115 1064 1185 qno
1078 1095 1150 1186 ipsa
1163 1117 1202 1162 se
1213 1085 1400 1162 ³obsneret.

301 1229 320 1282 s
345 1213 389 1281 At
402 1213 482 1280 olim
496 1227 532 1279 et
544 1233 650 1303 panea
671 1226 770 1278 erant
787 1211 933 1293 balneo,
948 1233 1016 1278 noe
1027 1209 1099 1278 ullo
1116 1209 1212 1278 cultu
1229 1226 1402 1278 exornata:

344 1351 408 1396 eur
420 1327 510 1395 enim
523 1341 702 1394 ornaretur
716 1349 772 1394 res
788 1320 1065 1418 quudmnusiat,
1089 1341 1125 1392 et
1146 1327 1184 1392 in
1207 1349 1330 1407 usum,
1346 1349 1406 1393 non

321 1525 326 1535 Ι
345 1441 648 1521 oblectamentum,
668 1441 833 1533 reperta?
847 1442 924 1508 Non
940 1437 1204 1507 suffundebatur
1219 1461 1329 1530 aqrm,
1350 1463 1408 1507 nec

345 1581 464 1627 reeens
481 1580 615 1650 semper
626 1557 721 1626 velut
733 1579 775 1626 es
784 1556 897 1625 ualido
908 1557 1002 1624 fonte
1013 1555 1191 1643 currebat3
1207 1579 1275 1623 nee
1287 1555 1408 1623 reimre

345 1674 549 1756 credebant,
571 1675 607 1740 in
624 1697 724 1765 quam
736 1665 934 1768 perlucida⁵
948 1670 1066 1740 sordes
1079 1669 1306 1764 deponerent.
1324 1671 1405 1751 Sed,

345 1791 402 1858 Dii
426 1788 526 1869 boni,
551 1811 654 1880 quam
673 1783 790 1880 juvat‘
812 1786 872 1855 illa
891 1786 1015 1855 balnea
1036 1787 1165 1854 intrare
1187 1785 1353 1866 obsmra,
1376 1803 1409 1853 et

346 1903 476 1997 gregali
496 1904 638 1972 tectorio
660 1903 798 1972 inducta
810 1951 821 1987 ,
843 1926 919 1995 quse
932 1903 1037 1969 scires
1047 1903 1235 1970 Catoneml
1252 1900 1315 1968 tibi
1330 1900 1408 1968 edi·

347 2018 432 2103 lem,
447 2035 506 2088 aut
518 2021 662 2088 Fabium
675 2013 896 2100 Maximum⁸,
912 2035 972 2088 aut
983 2041 1025 2085 ex
1035 2017 1227 2087 Corneliis³
1241 2019 1408 2109 aliquem,

301 2180 322 2229 9
348 2159 449 2204 manu
463 2159 523 2204 suu
533 2137 857 2228 temperasselNom
869 2135 935 2204 boe
943 2132 1291 2227 quoquenobilissimi
1300 2132 1411 2200 aediles

346 2250 611 2344 fungebantur-¹⁰
623 2251 756 2334 officio,
773 2249 924 2320 intrandi
937 2273 978 2319 ee
989 2249 1082 2332 loon,
1095 2273 1171 2342 quae
1182 2250 1351 2343 populum
1364 2273 1412 2316 re-

345 2365 540 2460 oeptabant,
562 2366 792 2462 exigendique
805 2367 1000 2452 munditias,
1013 2384 1048 2435 et
1058 2367 1175 2436 utilem
1188 2390 1231 2434 ae
1244 2366 1413 2435 salubrem

345 2496 626 2576 temperaturam
643 2506 712 2550 non
725 2483 835 2566 hanc,
852 2507 929 2574 quae
941 2507 1052 2578 nuper
1064 2485 1202 2552 inventa
1211 2499 1284 2563 eet,
1298 2481 1414 2550 similis

345 2597 526 2687 incendio,
545 2599 631 2670 adeo
653 2597 815 2691 quidem,
837 2615 875 2666 ut
887 2601 1077 2668 convictum
1098 2602 1134 2667 in
1151 2599 1270 2693 aliquo
1284 2599 1413 2669 scelere

344 2833 447 2908 lugiunt
467 2846 491 2886 et
509 2833 645 2886 tenebrosis
667 2832 764 2887 balneis
785 2853 855 2907 gan·
935 2835 961 2900 4.
973 2833 1028 2888 Iles
1039 2838 1245 2906 quadrantaria.
1256 2839 1356 2890 Notum
1365 2847 1412 2901 est,

336 2911 420 2976 'dent,
435 2911 659 2984 innascuntnrquc.
677 2911 747 2964 Plin.
759 2912 801 2978 ll,
815 2911 854 2964 28.
903 2911 1067 2982 quadrantem
1081 2914 1109 2979 (i.
1121 2934 1144 2967 e,
1155 2927 1271 2985 quartem
1283 2916 1346 2968 assis
1355 2935 1415 2987 par·

346 2988 415 3041 lline
429 2988 539 3055 Statius,
555 2989 624 3040 Plin.
639 2990 672 3041 sl.
686 2989 731 3059 qui
743 2987 855 3042 balneo·
902 2993 967 3058 tem)
979 2993 1151 3047 mercedulam
1162 2992 1319 3047 balneatoris
1330 2995 1416 3052 tuisse

345 3083 402 3117 rum
423 3066 577 3118 mentionem
599 3065 645 3117 sub
664 3064 854 3138 imperatoribus
902 3068 1018 3137 lipsius.

346 3142 481 3212 injiciunt,
500 3143 602 3196 laudant
616 3145 643 3194 rb
656 3146 774 3212 ιύφιγγὶς,
788 3143 853 3196 bene
936 3152 960 3201 5.
972 3148 1121 3204 Periurida.
1140 3153 1214 3219 Aqua
1236 3163 1339 3223 propter
1356 3151 1414 3203 solis

347 3220 510 3275 luminosum.
524 3221 612 3273 ltutlr.
903 3224 1077 3298 splendorem,
1089 3226 1135 3296 qni
1146 3227 1174 3278 in
1185 3226 1280 3280 balneo
1290 3239 1355 3280 erat.
1366 3227 1403 3279 lt

382 3319 402 3352 1.
419 3301 580 3355 Coloranlur.
596 3300 687 3353 Solent
697 3300 744 3352 sub
759 3302 802 3353 dio
813 3301 856 3352 in·
936 3303 960 3354 6.
978 3300 1069 3372 Quam
1076 3308 1171 3371 luunt,
1187 3305 1224 3358 Il.
1233 3308 1272 3358 A.
1284 3327 1309 3360 c.
1322 3306 1413 3378 Quom

345 3378 437 3442 solari,
456 3391 511 3452 post
527 3379 689 3440 unctionem
709 3378 751 3431 bic
762 3378 820 3431 licet
831 3390 856 3430 et
899 3383 1012 3449 jacobus
1021 3382 1059 3435 ed.
1071 3383 1169 3437 Erasm
1179 3397 1204 3435 et
1215 3403 1286 3455 seqq.
1298 3385 1381 3438 Scies.

316 3445 326 3464 ⁸
346 3458 409 3512 libet
418 3459 446 3512 in
455 3459 508 3531 ipso
520 3459 624 3525 balneo,
635 3460 670 3512 sic
682 3459 775 3531 aprico.
783 3457 855 3527 Ia‘ps.
938 3481 961 3529 7.
975 3461 1104 3514 &torem
1116 3461 1272 3515 Uticensem.
1282 3463 1376 3514 Ruta.

381 3559 402 3588 a.
415 3539 504 3610 Quum
510 3541 695 3592 dedicarentur.
701 3538 740 3589 De
749 3536 856 3610 publicis
936 3541 961 3595 8.
974 3540 1090 3594 Fabium
1095 3541 1264 3594 Maximum.
1275 3541 1414 3594 Cunctato-

346 3615 442 3670 balneis
460 3619 544 3692 accipe
561 3636 567 3670 :
585 3631 658 3688 atque
669 3637 697 3670 ea
708 3616 856 3671 solemniter
904 3636 965 3669 rem.
978 3617 1169 3686 liubin-Qui
1180 3638 1252 3672 mora
1269 3618 1349 3692 fregit
1362 3619 1415 3671 im-

345 3695 430 3748 solent
441 3695 525 3748 usibus
535 3695 623 3770 populi
633 3695 753 3748 dedicari.
760 3695 855 3748 -Sta-
904 3709 989 3765 mmm
1001 3695 1161 3749 llannibslis

345 3773 391 3825 tim
407 3787 461 3845 post
473 3771 668 3827 edificationem
678 3792 735 3824 eum
749 3771 855 3824 invoca·
937 3791 960 3845 q
976 3773 1109 3828 Conoelis's.
1121 3772 1293 3846 Scipionibus.
1305 3772 1400 3826 Ruth.

346 3850 415 3904 tione
428 3851 569 3923 AEseulapii
582 3864 606 3903 ct
619 3851 732 3923 flygeae,
746 3869 855 3919 quornm
940 3851 1281 3922 10.AEdttessmsgetasose
1295 3851 1416 3920 Quorum

346 3929 431 3983 statuis
449 3929 539 3982 balnea
556 3927 642 3981 ornari
656 3925 785 3992 solebant,
802 3938 829 3978 ut
842 3947 855 3978 e
904 3941 957 3981 erat
967 3929 1022 3982 loca
1035 3929 1156 4003 inspicere
1168 3942 1193 3981 et
1206 3949 1299 3984 curare
1312 3930 1417 3984 valetn-

347 4008 452 4060 Lucian.
461 4007 540 4074 svn,
550 4027 573 4080 p.
584 4009 632 4080 ²9⁸
641 4027 694 4078 sqq.
703 4005 760 4079 Bip.
769 4005 856 4058 videre
903 4007 959 4060 dini
970 4019 1028 4082 apta
1041 4019 1084 4060 ant
1094 4007 1181 4060 usibus
1191 4007 1353 4077 quotidianis
1364 4009 1417 4060 :sie

346 4069 855 4156 licet,etcnmvotisprosalutepopulili.
903 4085 1020 4157 popinas,
1030 4105 1133 4158 ganeam
1142 4082 1417 4150 balneas,etboctalia

379 4158 403 4210 3.
428 4159 560 4212 Obrueret.
579 4160 600 4211 l.
622 4180 647 4212 se
669 4160 854 4234 pessumdaret,
903 4160 1052 4226 tuebantur,
1068 4161 1255 4237 qun,¹Seneea
1274 4162 1339 4216 alibi
1356 4162 1418 4215 dide

347 4233 497 4290 obscuraret
510 4235 600 4288 Ruti.
902 4243 961 4293 lota
977 4242 1079 4296 tedricus
1092 4242 1374 4297 maun-Plan
1384 4241 1417 4292 de
