2975 4992
325 486 393 577 554
618 484 659 551 L.
686 482 861 551 ANNAEI
883 482 1098 553 SENECAE

323 616 390 715 rim
406 612 548 706 injurias
560 636 624 706 pro
637 613 816 683 benefieiis
829 610 1015 709 reddimus.
1030 616 1073 681 Et
1086 614 1195 706 prima
1206 636 1311 681 oense
1322 632 1398 696 est,

324 755 387 800 cur
404 732 481 822 quis
503 732 666 822 ingratus.
680 731 744 813 sit,
770 732 799 799 si
818 731 899 799 satis
922 746 1037 825 gratus
1057 754 1131 799 esse
1146 754 1218 799 non
1241 732 1397 823 ¹poeuit.

323 851 371 917 Eo
385 846 569 941 perdudtus
586 826 637 915 eit
659 848 774 933 furor,
798 864 837 916 ut
849 847 1134 940 periculosissima
1152 871 1208 916 res
1226 849 1273 916 sit
1285 848 1401 915 bene·

324 963 404 1033 ficia
418 964 454 1030 in
468 962 617 1055 aliquem
639 986 762 1056 magna
776 962 931 1031 oonierre
947 990 956 1030 ε
972 988 1072 1049 nam,
1086 965 1167 1057 quia
1179 980 1278 1057 putet
1290 981 1399 1057 turpe

324 1102 394 1148 non
420 1076 586 1164 reddere,
613 1102 682 1174 non
708 1078 783 1146 vult
808 1100 910 1162 esse,
931 1080 987 1148 oui
1009 1078 1140 1148 reddat.
1167 1078 1249 1149 Tibi
1272 1078 1393 1161 lube,

325 1195 417 1289 quod
435 1196 618 1289 accepisti3
634 1220 704 1265 non
723 1210 857 1291 repeto,
874 1220 944 1265 eon
958 1198 1057 1291 exigo
1074 1225 1083 1265 ε
1099 1197 1267 1291 profuisse
1280 1212 1403 1266 tntum

324 1312 382 1380 sit.
394 1312 533 1381 Nullum
543 1311 717 1381 estodium
730 1313 965 1406 perniciosius,
980 1338 1083 1407 quam
1095 1338 1140 1383 ex
1148 1314 1309 1383 beneficii
1321 1315 1397 1383 vio·

325 1428 385 1499 lati
402 1428 546 1523 pudore.
564 1429 660 1498 Vale.

325 1642 370 1676 nes
378 1622 485 1677 fortune
492 1623 640 1689 collocerit;
653 1624 740 1677 omnia
748 1644 834 1679 seeum
917 1648 939 1681 ι.
952 1627 986 1681 St
994 1631 1163 1698 rationetur
1172 1646 1228 1682 esse
1237 1631 1393 1697 amporam

325 1700 402 1753 hebet
415 1701 522 1775 pretiosa
534 1719 541 1755 ε
552 1722 600 1755 nee
610 1713 646 1755 est
656 1702 753 1775 aliquid
764 1704 834 1775 qnod
882 1704 981 1778 Nempe
993 1702 1146 1773 odit'illum,
1161 1706 1203 1759 eui
1211 1726 1239 1759 ee
1247 1704 1333 1759 videri
1344 1707 1393 1757 in-

326 1780 349 1832 ei
361 1780 419 1833 addi
433 1781 509 1852 possit
519 1793 562 1834 ant
575 1782 680 1835 detrahi.
882 1795 981 1855 gratum
993 1782 1134 1837 abinoem.

566 2130 1154 2261 nrlsrotauxxuu.
1264 2094 1269 2105 ’

746 2374 750 2384 e
798 2341 931 2363 *

376 2524 487 2566 colim
507 2523 680 2577 ΜΟιίΠῐΙΜῖ
699 2524 806 2565 ΒΙΙῙΙΒΙ
823 2523 935 2566 coum
952 2525 1182 2567 nmnc'ncoatm
1196 2522 1345 2567 mimm-

361 2654 460 2705 Lsndat
473 2652 599 2715 amicum,
617 2652 687 2723 quod
700 2651 817 2704 virtutem
833 2669 919 2704 emere
941 2664 1042 2726 pergat,
1059 2666 1083 2704 et
1097 2651 1213 2705 hortetur
1229 2664 1260 2703 nt
1275 2650 1390 2704 animum

225 2722 226 2725 Ἴ
325 2738 532 2791 firmetedversns
547 2736 650 2791 delicies
661 2748 686 2787 et
699 2734 766 2788 mala
777 2735 906 2804 mens,
920 2736 1010 2790 litteris
1021 2750 1046 2788 st
1064 2735 1230 2810 philosophie
1244 2748 1270 2789 et
1284 2735 1390 2808 proinde

325 2821 365 2875 sui
376 2821 532 2892 cognitioni,
542 2833 636 2875 nature
645 2834 669 2872 et
678 2819 775 2873 veriteti
784 2840 886 2893 operam
895 2822 1020 2875 nerendo.
1031 2822 1065 2873 Et
1071 2824 1162 2875 'eontra
1170 2834 1279 2874 mortem
1287 2822 1323 2874 ite
1333 2839 1390 2893 pm

325 2907 421 2981 paratio
428 2919 554 2978 qnaeratnr
562 2926 569 2959 :
576 2919 683 2960 mortem
691 2906 760 2958 enim
771 2925 823 2959 esse
831 2905 935 2972 malurn,
943 2906 1043 2973 Stoicis,
1052 2907 1176 2980 imprimis
1184 2907 1298 2972 Zenone,
1307 2926 1390 2979 qnem-

327 2991 364 3044 vis
376 2989 548 3046 refutantibus.
560 2990 655 3044 Contra
664 3010 739 3062 quem
752 3004 866 3065 pugnet,
877 3003 951 3063 atque
963 2980 1095 3058 coneedit,
1108 3006 1275 3046 mortemesse
1285 2992 1389 3045 indiffe-

326 3090 423 3130 rentem
433 3116 440 3144 ,
452 3075 469 3130 i.
485 3097 506 3130 e·
520 3096 568 3131 nee
578 3076 690 3144 melum,
703 3076 870 3142 neebonnm,
884 3089 958 3147 etque
969 3076 1028 3131 ideo
1038 3078 1152 3131 medinm
1161 3078 1294 3151 quidesse.

609 3262 718 3299 8115οΔ
736 3262 862 3299 monento
880 3262 936 3299 eno
954 3263 1099 3304 θΔῙιΜΊΙ.

374 3386 488 3451 Drsu
511 3380 582 3474 jam
605 3378 648 3449 de
673 3396 707 3449 te
733 3404 808 3450 esse
832 3381 1006 3449 sollicitus.
1021 3420 1072 3435 —
1088 3382 1224 3476 Quem,
1251 3385 1386 3475 inquis,

326 3500 476 3568 Deorum
489 3496 856 3591 sponsoremaccepioti
868 3498 1029 3565 P—Eum
1043 3498 1190 3586 scilieet,
1203 3499 1263 3590 qui
1281 3502 1387 3568 nemi·

326 3637 402 3681 nem
417 3613 522 3698 saliit,
537 3615 687 3682 animum
698 3613 784 3681 recti
795 3612 924 3681 achoni
938 3630 1121 3683 amatorem
1132 3620 1158 3681 ¹.
1171 3614 1213 3681 In
1226 3628 1300 3683 tuto
1314 3640 1387 3707 pars

329 3730 376 3797 tui
392 3731 511 3798 melior
530 3746 592 3799 est.
615 3732 730 3798 Potest
746 3730 881 3798 fortuna
894 3730 957 3799 tibi
970 3731 1130 3823 injuriam
1145 3731 1257 3799 faeere
1275 3757 1284 3797 ι
1300 3730 1386 3823 quod

327 3844 457 3914 adrem
471 3846 575 3939 magis
588 3847 757 3939 pertinet,
772 3870 842 3913 non
854 3846 957 3913 timeo
971 3869 1016 3913 ne
1029 3862 1067 3914 tu
1083 3846 1185 3913 facias
1199 3844 1276 3913 tibi.
1294 3845 1385 3937 ana

328 3962 458 4055 coepisti
481 3978 544 4029 :et
567 3964 603 4030 in
630 3962 694 4030 isto
719 3978 754 4029 te
778 3962 857 4029 vitae
879 3960 999 4031 habitu
1021 3986 1205 4057 compone,
1232 3961 1382 4054 placide,

364 4177 714 4231 1.Animum.„omotorem.
732 4175 835 4251 Quippe
882 4177 1130 4231 rediturummotum
1139 4177 1282 4229 Stoicorum
1294 4178 1381 4251 dogne

329 4267 354 4307 et
365 4255 447 4329 ipsum
460 4259 543 4311 eDen
554 4259 690 4329 profectum
702 4269 725 4311 et
734 4257 766 4311 ad
775 4276 834 4311 eum
884 4256 965 4329 Lipsii
978 4255 1089 4329 Physiol.
1102 4256 1159 4323 lii,
1170 4256 1194 4307 8.
1204 4256 1298 4310 Ruta.
