2975 4992
310 458 333 543 4
423 423 559 525 iovr
582 451 853 524 snlroars
876 455 1291 528 ramuourrto..

308 604 368 672 illo
390 600 605 696 desumptum
627 600 732 670 inerit
753 599 940 671 notandum
961 606 1153 674 curavimus
1181 604 1237 673 his
1259 605 1385 673 litteris

308 725 421 795 Sctw.
430 774 444 807 ‚
458 724 569 792 Rndlc.
594 737 653 792 aut
670 721 881 793 solummodo
899 722 962 806 ἃ,
978 724 1023 793 R.
1039 723 1160 820 (Quas
1176 743 1291 796 autem
1314 729 1383 823 ipsi

307 847 515 942 adjecimus,
537 847 631 916 nulla
650 846 816 941 peculiari
835 865 916 916 nota
932 848 1158 919 distinximus.
1171 829 1195 940 )¹

355 968 589 1064 Argumenta,
618 993 695 1062 quae
720 971 908 1063 unicuique
931 965 1082 1066 epistolae
1105 977 1380 1067 proeposuimus,

307 1093 521 1187 Ruhltoplius
538 1091 779 1188 suppeditavit.
873 1091 877 1108 *

355 1217 536 1286 Rationem
562 1241 665 1311 quam
691 1232 836 1312 uterque
862 1243 966 1314 supra
989 1217 1102 1288 dictus
1124 1220 1237 1289 editor
1266 1222 1303 1288 in
1328 1221 1387 1288 his

307 1339 618 1436 recognoscendis,
651 1342 866 1435 corrigendis
893 1358 952 1411 aut
980 1341 1189 1412 illustrandis
1222 1345 1388 1438 Epistolis

307 1465 438 1546 tenuit,
459 1485 628 1556 exponere
641 1462 961 1556 supersedebimus3
977 1465 1082 1532 satius
1093 1467 1201 1535 visum
1225 1481 1276 1565 est
1293 1467 1388 1559 ipsos

307 1586 484 1680 loquentes
498 1585 662 1654 inducere
679 1609 868 1679 eorumque
882 1587 1098 1680 praelationes
1112 1603 1197 1656 totas
1215 1590 1383 1657 inserere.

172 1793 180 1800 ,
306 1688 339 1779 l.
362 1708 667 1800 Schweighaeuseri
686 1708 919 1803 praefationem
937 1709 1058 1804 legere
1072 1711 1229 1804 inprimis
1244 1735 1387 1780 necesse

307 1834 396 1918 erit,
425 1835 455 1901 si
478 1832 571 1901 illius
597 1847 693 1901 notas
715 1833 853 1901 criticas
866 1831 1101 1926 *brevioraque
1128 1832 1254 1927 quibus
1282 1835 1383 1904 MSS.

307 1953 400 2052 apud
419 1979 496 2024 eum
512 1955 709 2024 indicantur
722 1957 821 2050 sigm
836 1943 1030 2050 intelligere
1043 1955 1206 2026 volueris.

241 2116 246 2122 ¹
356 2081 525 2148 Ceterum
547 2091 700 2147 nostrum
727 2092 855 2147 morem
882 2081 1092 2148 servavimus
1114 2083 1151 2147 in
1171 2080 1386 2149 illustrandis

307 2203 391 2271 locis
413 2227 488 2296 quae
512 2203 592 2270 satis
610 2202 715 2270 multa
739 2203 933 2295 superiores
954 2204 1272 2271 commentariorum
1293 2205 1387 2286 scri÷

308 2342 424 2421 ptores
441 2326 585 2395 obscura
604 2325 837 2418 reliquerant,
856 2349 897 2394 ea
914 2324 1097 2417 explicare
1108 2327 1179 2396 sive
1201 2349 1386 2420 perperam

308 2447 505 2542 dedignati,
524 2449 595 2518 sive
612 2447 797 2519 infeliciter
811 2446 1040 2541 desperantes.
