<?xml version="1.0" encoding="UTF-8"?>
<!DOCTYPE html PUBLIC "-//W3C//DTD XHTML 1.0 Transitional//EN"
    "http://www.w3.org/TR/xhtml1/DTD/xhtml1-transitional.dtd">
<html xmlns="http://www.w3.org/1999/xhtml" xml:lang="en" lang="en">
 <head>
  <title>
</title>
<meta http-equiv="Content-Type" content="text/html;charset=utf-8" />
  <meta name='ocr-system' content='tesseract 3.04.00' />
  <meta name='ocr-capabilities' content='ocr_page ocr_carea ocr_par ocr_line ocrx_word'/>
</head>
<body>
  <div class='ocr_page' id='page_1' title='image "./lannsenecparspr03bouigoog_0084.png"; bbox 0 0 2975 4992; ppageno 0'>
   <div class='ocr_carea' id='block_1_1' title="bbox 208 386 1382 2248">
    <p class='ocr_par' dir='ltr' id='par_1_1' title="bbox 208 386 1382 2248">
     <span class='ocr_line' id='line_1_1' title="bbox 294 386 1075 470; baseline 0.018 -19"><span class='ocrx_word' id='word_1_1' title='bbox 294 401 335 470; x_wconf 78' lang='lat'><strong>72</strong></span> <span class='ocrx_word' id='word_1_2' title='bbox 593 386 634 454; x_wconf 87' lang='lat' dir='ltr'><strong>L.</strong></span> <span class='ocrx_word' id='word_1_3' title='bbox 658 391 836 462; x_wconf 84' lang='lat' dir='ltr'><strong>ANNAEI</strong></span> <span class='ocrx_word' id='word_1_4' title='bbox 860 393 1075 465; x_wconf 82' lang='lat' dir='ltr'><strong>SENECAE</strong></span> 
     </span>
     <span class='ocr_line' id='line_1_2' title="bbox 293 519 1376 623; baseline 0.007 -35"><span class='ocrx_word' id='word_1_5' title='bbox 293 519 368 610; x_wconf 78' lang='lat' dir='ltr'><strong>Qui</strong></span> <span class='ocrx_word' id='word_1_6' title='bbox 386 521 523 594; x_wconf 90' lang='lat' dir='ltr'><strong>domum</strong></span> <span class='ocrx_word' id='word_1_7' title='bbox 539 525 736 612; x_wconf 84' lang='lat' dir='ltr'><strong>intraverit,</strong></span> <span class='ocrx_word' id='word_1_8' title='bbox 756 549 817 595; x_wconf 84' lang='lat' dir='ltr'><strong>nos</strong></span> <span class='ocrx_word' id='word_1_9' title='bbox 834 528 948 619; x_wconf 85' lang='lat' dir='ltr'><strong>potius</strong></span> <span class='ocrx_word' id='word_1_10' title='bbox 962 528 1126 614; x_wconf 60' lang='lat' dir='ltr'><strong>miretur-,⁴</strong></span> <span class='ocrx_word' id='word_1_11' title='bbox 1136 547 1238 620; x_wconf 84' lang='lat' dir='ltr'><strong>qnam</strong></span> <span class='ocrx_word' id='word_1_12' title='bbox 1254 527 1376 623; x_wconf 84' lang='lat' dir='ltr'><strong>supel-</strong></span> 
     </span>
     <span class='ocr_line' id='line_1_3' title="bbox 295 631 1370 736; baseline 0.009 -34"><span class='ocrx_word' id='word_1_13' title='bbox 295 635 443 706; x_wconf 88' lang='lat' dir='ltr'><strong>lectilem</strong></span> <span class='ocrx_word' id='word_1_14' title='bbox 454 657 615 709; x_wconf 85' lang='lat' dir='ltr'><strong>nostram.</strong></span> <span class='ocrx_word' id='word_1_15' title='bbox 629 643 775 736; x_wconf 78' lang='lat' dir='ltr'><strong>Magnus</strong></span> <span class='ocrx_word' id='word_1_16' title='bbox 788 642 845 710; x_wconf 92' lang='lat' dir='ltr'><strong>ille</strong></span> <span class='ocrx_word' id='word_1_17' title='bbox 856 660 924 725; x_wconf 91' lang='lat' dir='ltr'><strong>est,</strong></span> <span class='ocrx_word' id='word_1_18' title='bbox 937 643 998 736; x_wconf 77' lang='lat' dir='ltr'><strong>qui</strong></span> <span class='ocrx_word' id='word_1_19' title='bbox 1013 643 1173 714; x_wconf 84' lang='lat' dir='ltr'><strong>fictilibus</strong></span> <span class='ocrx_word' id='word_1_20' title='bbox 1183 647 1232 716; x_wconf 84' lang='lat' dir='ltr'><strong>sic</strong></span> <span class='ocrx_word' id='word_1_21' title='bbox 1241 631 1370 725; x_wconf 80' lang='lat' dir='ltr'><strong>utitur,</strong></span> 
     </span>
     <span class='ocr_line' id='line_1_4' title="bbox 297 757 1376 854; baseline 0.004 -30"><span class='ocrx_word' id='word_1_22' title='bbox 297 757 579 845; x_wconf 79' lang='lat' dir='ltr'><strong>quemadmodum</strong></span> <span class='ocrx_word' id='word_1_23' title='bbox 596 769 765 854; x_wconf 79' lang='lat' dir='ltr'><strong>argento:</strong></span> <span class='ocrx_word' id='word_1_24' title='bbox 789 784 852 828; x_wconf 91' lang='lat' dir='ltr'><strong>nec</strong></span> <span class='ocrx_word' id='word_1_25' title='bbox 870 760 928 829; x_wconf 93' lang='lat' dir='ltr'><strong>ille</strong></span> <span class='ocrx_word' id='word_1_26' title='bbox 947 761 1061 829; x_wconf 87' lang='lat' dir='ltr'><strong>minor</strong></span> <span class='ocrx_word' id='word_1_27' title='bbox 1077 777 1145 844; x_wconf 84' lang='lat' dir='ltr'><strong>cst,</strong></span> <span class='ocrx_word' id='word_1_28' title='bbox 1167 765 1225 854; x_wconf 87' lang='lat' dir='ltr'><strong>qui</strong></span> <span class='ocrx_word' id='word_1_29' title='bbox 1244 765 1294 832; x_wconf 86' lang='lat' dir='ltr'><strong>sic</strong></span> <span class='ocrx_word' id='word_1_30' title='bbox 1313 784 1376 830; x_wconf 83' lang='lat' dir='ltr'><strong>ae·</strong></span> 
     </span>
     <span class='ocr_line' id='line_1_5' title="bbox 299 865 1374 969; baseline 0.005 -28"><span class='ocrx_word' id='word_1_31' title='bbox 299 888 400 966; x_wconf 79' lang='lat' dir='ltr'><strong>genta</strong></span> <span class='ocrx_word' id='word_1_32' title='bbox 425 877 568 959; x_wconf 84' lang='lat' dir='ltr'><strong>utitur¹,</strong></span> <span class='ocrx_word' id='word_1_33' title='bbox 597 876 882 969; x_wconf 83' lang='lat' dir='ltr'><strong>quemadmodum</strong></span> <span class='ocrx_word' id='word_1_34' title='bbox 907 877 1081 946; x_wconf 87' lang='lat' dir='ltr'><strong>fictilibus.</strong></span> <span class='ocrx_word' id='word_1_35' title='bbox 1107 865 1239 948; x_wconf 78' lang='lat' dir='ltr'><strong>Infirmi</strong></span> <span class='ocrx_word' id='word_1_36' title='bbox 1261 881 1374 949; x_wconf 87' lang='lat' dir='ltr'><strong>animi</strong></span> 
     </span>
     <span class='ocr_line' id='line_1_6' title="bbox 208 987 1231 1086; baseline 0.006 -28"><span class='ocrx_word' id='word_1_37' title='bbox 208 1002 210 1007; x_wconf 81' lang='grc'>’</span> <span class='ocrx_word' id='word_1_38' title='bbox 298 1006 371 1076; x_wconf 89' lang='lat' dir='ltr'><strong>est,</strong></span> <span class='ocrx_word' id='word_1_39' title='bbox 392 994 463 1085; x_wconf 90' lang='lat' dir='ltr'><strong>pati</strong></span> <span class='ocrx_word' id='word_1_40' title='bbox 477 1017 547 1062; x_wconf 90' lang='lat' dir='ltr'><strong>non</strong></span> <span class='ocrx_word' id='word_1_41' title='bbox 561 1017 660 1086; x_wconf 83' lang='lat' dir='ltr'><strong>posse</strong></span> <span class='ocrx_word' id='word_1_42' title='bbox 676 993 822 1062; x_wconf 86' lang='lat' dir='ltr'><strong>divitias.</strong></span> <span class='ocrx_word' id='word_1_43' title='bbox 1228 987 1231 994; x_wconf 69' lang='grc'><strong><em>’</em></strong></span> 
     </span>
     <span class='ocr_line' id='line_1_7' title="bbox 257 1095 1376 1202; baseline 0.004 -27"><span class='ocrx_word' id='word_1_44' title='bbox 257 1095 277 1149; x_wconf 65' lang='lat'><strong><em>⁶</em></strong></span> <span class='ocrx_word' id='word_1_45' title='bbox 348 1106 435 1194; x_wconf 83' lang='lat' dir='ltr'><strong>Sed,</strong></span> <span class='ocrx_word' id='word_1_46' title='bbox 451 1125 490 1177; x_wconf 88' lang='lat' dir='ltr'><strong>ut</strong></span> <span class='ocrx_word' id='word_1_47' title='bbox 507 1109 610 1202; x_wconf 87' lang='lat' dir='ltr'><strong>hujus</strong></span> <span class='ocrx_word' id='word_1_48' title='bbox 632 1132 768 1202; x_wconf 91' lang='lat' dir='ltr'><strong>quoque</strong></span> <span class='ocrx_word' id='word_1_49' title='bbox 787 1108 858 1177; x_wconf 92' lang='lat' dir='ltr'><strong>diei</strong></span> <span class='ocrx_word' id='word_1_50' title='bbox 873 1110 1032 1178; x_wconf 89' lang='lat' dir='ltr'><strong>lucellum</strong></span> <span class='ocrx_word' id='word_1_51' title='bbox 1049 1097 1160 1179; x_wconf 68' lang='lat' dir='ltr'><strong>tccu&#39;m</strong></span> <span class='ocrx_word' id='word_1_52' title='bbox 1174 1113 1376 1180; x_wconf 84' lang='lat' dir='ltr'><strong>communi-</strong></span> 
     </span>
     <span class='ocr_line' id='line_1_8' title="bbox 301 1223 1374 1320; baseline 0.005 -30"><span class='ocrx_word' id='word_1_53' title='bbox 301 1244 397 1307; x_wconf 88' lang='lat' dir='ltr'><strong>cem,</strong></span> <span class='ocrx_word' id='word_1_54' title='bbox 422 1223 516 1316; x_wconf 89' lang='lat' dir='ltr'><strong>apud</strong></span> <span class='ocrx_word' id='word_1_55' title='bbox 539 1228 767 1294; x_wconf 85' lang='lat' dir='ltr'><strong>Hecatonem²</strong></span> <span class='ocrx_word' id='word_1_56' title='bbox 792 1242 943 1294; x_wconf 85' lang='lat' dir='ltr'><strong>nostrum</strong></span> <span class='ocrx_word' id='word_1_57' title='bbox 972 1228 1089 1306; x_wconf 80' lang='lat' dir='ltr'><strong>inveni</strong></span> <span class='ocrx_word' id='word_1_58' title='bbox 1100 1276 1112 1312; x_wconf 92' lang='lat'><strong><em>,</em></strong></span> <span class='ocrx_word' id='word_1_59' title='bbox 1140 1227 1374 1320; x_wconf 74' lang='lat' dir='ltr'><strong>cupiditatum</strong></span> 
     </span>
     <span class='ocr_line' id='line_1_9' title="bbox 301 1339 1377 1437; baseline 0.005 -31"><span class='ocrx_word' id='word_1_60' title='bbox 301 1339 404 1408; x_wconf 86' lang='lat' dir='ltr'><strong>linem</strong></span> <span class='ocrx_word' id='word_1_61' title='bbox 418 1341 576 1409; x_wconf 88' lang='lat' dir='ltr'><strong>etiamad</strong></span> <span class='ocrx_word' id='word_1_62' title='bbox 589 1344 719 1411; x_wconf 87' lang='lat' dir='ltr'><strong>timoris</strong></span> <span class='ocrx_word' id='word_1_63' title='bbox 733 1343 885 1411; x_wconf 84' lang='lat' dir='ltr'><strong>remedia</strong></span> <span class='ocrx_word' id='word_1_64' title='bbox 898 1344 1079 1437; x_wconf 83' lang='lat' dir='ltr'><strong>prolicere.</strong></span> <span class='ocrx_word' id='word_1_65' title='bbox 1099 1371 1115 1408; x_wconf 75' lang='grc' dir='ltr'>α</span> <span class='ocrx_word' id='word_1_66' title='bbox 1129 1346 1287 1428; x_wconf 85' lang='lat' dir='ltr'><strong>Desines,</strong></span> <span class='ocrx_word' id='word_1_67' title='bbox 1308 1345 1377 1411; x_wconf 88' lang='lat' dir='ltr'><strong>in-</strong></span> 
     </span>
     <span class='ocr_line' id='line_1_10' title="bbox 234 1458 1375 1560; baseline 0.004 -35"><span class='ocrx_word' id='word_1_68' title='bbox 234 1552 237 1560; x_wconf 18' lang='lat'><em>*</em></span> <span class='ocrx_word' id='word_1_69' title='bbox 301 1458 389 1552; x_wconf 91' lang='lat' dir='ltr'><strong>quit,</strong></span> <span class='ocrx_word' id='word_1_70' title='bbox 402 1459 535 1542; x_wconf 89' lang='lat' dir='ltr'><strong>timere,</strong></span> <span class='ocrx_word' id='word_1_71' title='bbox 548 1460 575 1527; x_wconf 92' lang='lat' dir='ltr'><strong>si</strong></span> <span class='ocrx_word' id='word_1_72' title='bbox 587 1484 725 1553; x_wconf 85' lang='lat' dir='ltr'><strong>sperare</strong></span> <span class='ocrx_word' id='word_1_73' title='bbox 735 1459 914 1529; x_wconf 71' lang='lat' dir='ltr'><strong>desieris.»</strong></span> <span class='ocrx_word' id='word_1_74' title='bbox 927 1463 1040 1547; x_wconf 88' lang='lat' dir='ltr'><strong>Dices,</strong></span> <span class='ocrx_word' id='word_1_75' title='bbox 1052 1461 1220 1554; x_wconf 88' lang='lat' dir='ltr'><strong>quomodo</strong></span> <span class='ocrx_word' id='word_1_76' title='bbox 1230 1463 1293 1531; x_wconf 83' lang='lat' dir='ltr'><strong>ista</strong></span> <span class='ocrx_word' id='word_1_77' title='bbox 1302 1480 1375 1530; x_wconf 86' lang='lat' dir='ltr'><strong>tam</strong></span> 
     </span>
     <span class='ocr_line' id='line_1_11' title="bbox 302 1571 1379 1669; baseline 0.003 -29"><span class='ocrx_word' id='word_1_78' title='bbox 302 1571 436 1643; x_wconf 84' lang='lat' dir='ltr'><strong>diversa</strong></span> <span class='ocrx_word' id='word_1_79' title='bbox 449 1577 579 1667; x_wconf 87' lang='lat' dir='ltr'><strong>pariter</strong></span> <span class='ocrx_word' id='word_1_80' title='bbox 590 1592 670 1644; x_wconf 86' lang='lat' dir='ltr'><strong>sunt</strong></span> <span class='ocrx_word' id='word_1_81' title='bbox 682 1577 698 1644; x_wconf 79' lang='lat' dir='ltr'><strong>l</strong></span> <span class='ocrx_word' id='word_1_82' title='bbox 709 1578 760 1644; x_wconf 85' lang='lat' dir='ltr'><strong>lta</strong></span> <span class='ocrx_word' id='word_1_83' title='bbox 774 1592 840 1659; x_wconf 83' lang='lat' dir='ltr'><strong>eat,</strong></span> <span class='ocrx_word' id='word_1_84' title='bbox 859 1578 906 1644; x_wconf 89' lang='lat' dir='ltr'><strong>mi</strong></span> <span class='ocrx_word' id='word_1_85' title='bbox 921 1577 1032 1645; x_wconf 85' lang='lat' dir='ltr'><strong>Lucili</strong></span> <span class='ocrx_word' id='word_1_86' title='bbox 1050 1604 1058 1644; x_wconf 78' lang='lat' dir='ltr'>z</span> <span class='ocrx_word' id='word_1_87' title='bbox 1074 1602 1177 1669; x_wconf 90' lang='lat' dir='ltr'><strong>quum</strong></span> <span class='ocrx_word' id='word_1_88' title='bbox 1191 1577 1379 1646; x_wconf 80' lang='lat' dir='ltr'><strong>videantur</strong></span> 
     </span>
     <span class='ocr_line' id='line_1_12' title="bbox 304 1683 1379 1782; baseline 0.005 -30"><span class='ocrx_word' id='word_1_89' title='bbox 304 1683 488 1770; x_wconf 73' lang='lat' dir='ltr'><strong>dissidere,</strong></span> <span class='ocrx_word' id='word_1_90' title='bbox 503 1690 683 1780; x_wconf 88' lang='lat' dir='ltr'><strong>conjuncta</strong></span> <span class='ocrx_word' id='word_1_91' title='bbox 697 1707 788 1757; x_wconf 86' lang='lat' dir='ltr'><strong>suut.</strong></span> <span class='ocrx_word' id='word_1_92' title='bbox 809 1688 1104 1782; x_wconf 78' lang='lat' dir='ltr'><strong>Quemadmodum</strong></span> <span class='ocrx_word' id='word_1_93' title='bbox 1119 1689 1236 1760; x_wconf 88' lang='lat' dir='ltr'><strong>eadem</strong></span> <span class='ocrx_word' id='word_1_94' title='bbox 1254 1705 1379 1760; x_wconf 87' lang='lat' dir='ltr'><strong>catena</strong></span> 
     </span>
     <span class='ocr_line' id='line_1_13' title="bbox 304 1799 1378 1898; baseline 0.005 -29"><span class='ocrx_word' id='word_1_95' title='bbox 304 1818 338 1870; x_wconf 89' lang='lat' dir='ltr'><strong>et</strong></span> <span class='ocrx_word' id='word_1_96' title='bbox 364 1799 569 1872; x_wconf 82' lang='lat' dir='ltr'><strong>custodiam³</strong></span> <span class='ocrx_word' id='word_1_97' title='bbox 598 1821 634 1873; x_wconf 86' lang='lat' dir='ltr'><strong>et</strong></span> <span class='ocrx_word' id='word_1_98' title='bbox 658 1805 800 1873; x_wconf 89' lang='lat' dir='ltr'><strong>militem</strong></span> <span class='ocrx_word' id='word_1_99' title='bbox 824 1800 981 1898; x_wconf 79' lang='lat' dir='ltr'><strong>copulat⁴</strong></span> <span class='ocrx_word' id='word_1_100' title='bbox 1002 1833 1009 1872; x_wconf 91' lang='lat'>:</span> <span class='ocrx_word' id='word_1_101' title='bbox 1031 1806 1080 1874; x_wconf 86' lang='lat' dir='ltr'><strong>sic</strong></span> <span class='ocrx_word' id='word_1_102' title='bbox 1101 1808 1184 1893; x_wconf 87' lang='lat' dir='ltr'><strong>ista,</strong></span> <span class='ocrx_word' id='word_1_103' title='bbox 1214 1829 1288 1898; x_wconf 71' lang='lat' dir='ltr'><strong>quaa</strong></span> <span class='ocrx_word' id='word_1_104' title='bbox 1304 1822 1378 1874; x_wconf 85' lang='lat' dir='ltr'><strong>tam</strong></span> 
     </span>
     <span class='ocr_line' id='line_1_14' title="bbox 248 1919 1377 2017; baseline 0.004 -29"><span class='ocrx_word' id='word_1_105' title='bbox 248 1927 279 1978; x_wconf 84' lang='grc'><strong>-7</strong></span> <span class='ocrx_word' id='word_1_106' title='bbox 304 1919 480 1989; x_wconf 69' lang='lat' dir='ltr'><strong>dissimilia</strong></span> <span class='ocrx_word' id='word_1_107' title='bbox 497 1938 597 2005; x_wconf 88' lang='lat' dir='ltr'><strong>sunt,</strong></span> <span class='ocrx_word' id='word_1_108' title='bbox 618 1923 748 2015; x_wconf 87' lang='lat' dir='ltr'><strong>pariter</strong></span> <span class='ocrx_word' id='word_1_109' title='bbox 764 1923 938 1992; x_wconf 83' lang='lat' dir='ltr'><strong>incedunt.</strong></span> <span class='ocrx_word' id='word_1_110' title='bbox 958 1924 1061 2017; x_wconf 88' lang='lat' dir='ltr'><strong>Spem</strong></span> <span class='ocrx_word' id='word_1_111' title='bbox 1079 1941 1190 1992; x_wconf 83' lang='lat' dir='ltr'><strong>metus</strong></span> <span class='ocrx_word' id='word_1_112' title='bbox 1203 1925 1377 2016; x_wconf 87' lang='lat' dir='ltr'><strong>sequitur.</strong></span> 
     </span>
     <span class='ocr_line' id='line_1_15' title="bbox 304 2037 1377 2132; baseline 0.003 -29"><span class='ocrx_word' id='word_1_113' title='bbox 304 2037 377 2104; x_wconf 88' lang='lat' dir='ltr'><strong>Nec</strong></span> <span class='ocrx_word' id='word_1_114' title='bbox 401 2038 511 2105; x_wconf 88' lang='lat' dir='ltr'><strong>miror</strong></span> <span class='ocrx_word' id='word_1_115' title='bbox 534 2039 597 2106; x_wconf 89' lang='lat' dir='ltr'><strong>ista</strong></span> <span class='ocrx_word' id='word_1_116' title='bbox 622 2040 672 2107; x_wconf 92' lang='lat' dir='ltr'><strong>sic</strong></span> <span class='ocrx_word' id='word_1_117' title='bbox 694 2040 768 2125; x_wconf 77' lang='lat' dir='ltr'><strong>ire3</strong></span> <span class='ocrx_word' id='word_1_118' title='bbox 783 2054 967 2130; x_wconf 87' lang='lat' dir='ltr'><strong>utrumque</strong></span> <span class='ocrx_word' id='word_1_119' title='bbox 982 2037 1164 2132; x_wconf 87' lang='lat' dir='ltr'><strong>pendentis</strong></span> <span class='ocrx_word' id='word_1_120' title='bbox 1179 2041 1282 2106; x_wconf 92' lang='lat' dir='ltr'><strong>animi</strong></span> <span class='ocrx_word' id='word_1_121' title='bbox 1300 2057 1377 2124; x_wconf 81' lang='lat' dir='ltr'><strong>est,</strong></span> 
     </span>
     <span class='ocr_line' id='line_1_16' title="bbox 307 2149 1382 2248; baseline 0.004 -30"><span class='ocrx_word' id='word_1_122' title='bbox 307 2166 490 2244; x_wconf 84' lang='lat' dir='ltr'><strong>utrumqne</strong></span> <span class='ocrx_word' id='word_1_123' title='bbox 503 2154 608 2221; x_wconf 82' lang='lat' dir='ltr'><strong>lirturi</strong></span> <span class='ocrx_word' id='word_1_124' title='bbox 621 2155 868 2248; x_wconf 73' lang='lat' dir='ltr'><strong>exspectatione</strong></span> <span class='ocrx_word' id='word_1_125' title='bbox 879 2154 1059 2224; x_wconf 87' lang='lat' dir='ltr'><strong>sollicitum</strong></span> <span class='ocrx_word' id='word_1_126' title='bbox 1070 2149 1097 2222; x_wconf 85' lang='lat'><strong>⁵.</strong></span> <span class='ocrx_word' id='word_1_127' title='bbox 1108 2157 1252 2230; x_wconf 80' lang='lat' dir='ltr'><strong>Maxima</strong></span> <span class='ocrx_word' id='word_1_128' title='bbox 1263 2171 1382 2222; x_wconf 81' lang='lat' dir='ltr'><strong>autem</strong></span> 
     </span>
    </p>
   </div>
   <div class='ocr_carea' id='block_1_2' title="bbox 216 2307 1394 4207">
    <p class='ocr_par' dir='ltr' id='par_1_2' title="bbox 216 2307 1394 4207">
     <span class='ocr_line' id='line_1_17' title="bbox 309 2307 1384 2392; baseline 0.003 -21"><span class='ocrx_word' id='word_1_129' title='bbox 309 2319 330 2371; x_wconf 66' lang='lat' dir='ltr'><strong>d</strong></span> <span class='ocrx_word' id='word_1_130' title='bbox 348 2329 372 2372; x_wconf 92' lang='lat' dir='ltr'><strong>et</strong></span> <span class='ocrx_word' id='word_1_131' title='bbox 383 2307 449 2371; x_wconf 78' lang='lat' dir='ltr'><strong>Par.</strong></span> <span class='ocrx_word' id='word_1_132' title='bbox 463 2321 487 2373; x_wconf 80' lang='lat' dir='ltr'><strong>d.</strong></span> <span class='ocrx_word' id='word_1_133' title='bbox 506 2322 532 2373; x_wconf 86' lang='lat' dir='ltr'><strong>d.</strong></span> <span class='ocrx_word' id='word_1_134' title='bbox 546 2321 655 2391; x_wconf 78' lang='lat' dir='ltr'><strong>Jamque</strong></span> <span class='ocrx_word' id='word_1_135' title='bbox 667 2320 729 2373; x_wconf 85' lang='lat' dir='ltr'><strong>clim</strong></span> <span class='ocrx_word' id='word_1_136' title='bbox 740 2321 819 2392; x_wconf 70' lang='lat' dir='ltr'><strong>eiecta</strong></span> <span class='ocrx_word' id='word_1_137' title='bbox 869 2321 949 2374; x_wconf 88' lang='lat' dir='ltr'><strong>thiam</strong></span> <span class='ocrx_word' id='word_1_138' title='bbox 966 2322 1118 2376; x_wconf 85' lang='lat' dir='ltr'><strong>Stoicorum.</strong></span> <span class='ocrx_word' id='word_1_139' title='bbox 1137 2320 1205 2375; x_wconf 83' lang='lat' dir='ltr'><strong>Vide</strong></span> <span class='ocrx_word' id='word_1_140' title='bbox 1218 2335 1330 2374; x_wconf 81' lang='lat' dir='ltr'><strong>nostrum</strong></span> <span class='ocrx_word' id='word_1_141' title='bbox 1348 2321 1384 2380; x_wconf 85' lang='lat' dir='ltr'><strong>de</strong></span> 
     </span>
     <span class='ocr_line' id='line_1_18' title="bbox 310 2397 1385 2474; baseline 0.004 -24"><span class='ocrx_word' id='word_1_142' title='bbox 310 2409 363 2450; x_wconf 83' lang='lat' dir='ltr'><strong>erat</strong></span> <span class='ocrx_word' id='word_1_143' title='bbox 371 2397 403 2448; x_wconf 87' lang='lat' dir='ltr'><strong>ab</strong></span> <span class='ocrx_word' id='word_1_144' title='bbox 416 2397 535 2463; x_wconf 85' lang='lat' dir='ltr'><strong>Erasmo,</strong></span> <span class='ocrx_word' id='word_1_145' title='bbox 549 2400 593 2453; x_wconf 90' lang='lat' dir='ltr'><strong>sed</strong></span> <span class='ocrx_word' id='word_1_146' title='bbox 605 2411 721 2453; x_wconf 84' lang='lat' dir='ltr'><strong>revocata</strong></span> <span class='ocrx_word' id='word_1_147' title='bbox 732 2418 747 2451; x_wconf 86' lang='lat' dir='ltr'><strong>a</strong></span> <span class='ocrx_word' id='word_1_148' title='bbox 759 2399 822 2450; x_wconf 84' lang='lat' dir='ltr'><strong>llln-</strong></span> <span class='ocrx_word' id='word_1_149' title='bbox 871 2401 1001 2455; x_wconf 87' lang='lat' dir='ltr'><strong>Constant.</strong></span> <span class='ocrx_word' id='word_1_150' title='bbox 1011 2403 1070 2474; x_wconf 81' lang='lat' dir='ltr'><strong>Sap.</strong></span> <span class='ocrx_word' id='word_1_151' title='bbox 1081 2403 1158 2467; x_wconf 79' lang='lat' dir='ltr'><strong>tux,</strong></span> <span class='ocrx_word' id='word_1_152' title='bbox 1170 2423 1192 2453; x_wconf 82' lang='lat' dir='ltr'><strong>a.</strong></span> <span class='ocrx_word' id='word_1_153' title='bbox 1201 2402 1341 2474; x_wconf 77' lang='lat' dir='ltr'><strong>Eleganter·</strong></span> <span class='ocrx_word' id='word_1_154' title='bbox 1349 2403 1385 2455; x_wconf 90' lang='lat' dir='ltr'><strong>de</strong></span> 
     </span>
     <span class='ocr_line' id='line_1_19' title="bbox 311 2473 1386 2544; baseline 0.005 -18"><span class='ocrx_word' id='word_1_155' title='bbox 311 2473 605 2544; x_wconf 75' lang='lat' dir='ltr'><strong>reto.S.-Suapiciant‚</strong></span> <span class='ocrx_word' id='word_1_156' title='bbox 615 2478 631 2530; x_wconf 92' lang='lat' dir='ltr'><strong>i.</strong></span> <span class='ocrx_word' id='word_1_157' title='bbox 640 2499 661 2530; x_wconf 95' lang='lat' dir='ltr'><strong>e.</strong></span> <span class='ocrx_word' id='word_1_158' title='bbox 669 2477 736 2530; x_wconf 82' lang='lat' dir='ltr'><strong>taciti</strong></span> <span class='ocrx_word' id='word_1_159' title='bbox 743 2497 822 2529; x_wconf 79' lang='lat' dir='ltr'><strong>rene·</strong></span> <span class='ocrx_word' id='word_1_160' title='bbox 871 2481 918 2532; x_wconf 78' lang='lat' dir='ltr'><strong>ltoc</strong></span> <span class='ocrx_word' id='word_1_161' title='bbox 931 2482 986 2534; x_wconf 88' lang='lat' dir='ltr'><strong>loco</strong></span> <span class='ocrx_word' id='word_1_162' title='bbox 999 2481 1097 2534; x_wconf 84' lang='lat' dir='ltr'><strong>disserit</strong></span> <span class='ocrx_word' id='word_1_163' title='bbox 1107 2481 1221 2534; x_wconf 82' lang='lat' dir='ltr'><strong>Muretus</strong></span> <span class='ocrx_word' id='word_1_164' title='bbox 1230 2481 1289 2532; x_wconf 87' lang='lat' dir='ltr'><strong>Var.</strong></span> <span class='ocrx_word' id='word_1_165' title='bbox 1300 2481 1386 2532; x_wconf 84' lang='lat' dir='ltr'><strong>Lectt.</strong></span> 
     </span>
     <span class='ocr_line' id='line_1_20' title="bbox 310 2553 1079 2622; baseline 0.008 -18"><span class='ocrx_word' id='word_1_166' title='bbox 310 2553 709 2622; x_wconf 65' lang='lat' dir='ltr'><strong>rentnr‚utbonam;aqnoscant</strong></span> <span class='ocrx_word' id='word_1_167' title='bbox 718 2577 724 2606; x_wconf 92' lang='lat'>:</span> <span class='ocrx_word' id='word_1_168' title='bbox 734 2567 822 2607; x_wconf 92' lang='lat' dir='ltr'><strong>utnon</strong></span> <span class='ocrx_word' id='word_1_169' title='bbox 871 2557 936 2619; x_wconf 82' lang='lat' dir='ltr'><strong>llll,</strong></span> <span class='ocrx_word' id='word_1_170' title='bbox 952 2558 976 2609; x_wconf 83' lang='lat' dir='ltr'><strong>li.</strong></span> <span class='ocrx_word' id='word_1_171' title='bbox 988 2557 1079 2610; x_wconf 75' lang='lat' dir='ltr'><strong>Rntt.</strong></span> 
     </span>
     <span class='ocr_line' id='line_1_21' title="bbox 311 2629 1389 2707; baseline 0.005 -26"><span class='ocrx_word' id='word_1_172' title='bbox 311 2629 387 2683; x_wconf 85' lang='lat' dir='ltr'><strong>aliam</strong></span> <span class='ocrx_word' id='word_1_173' title='bbox 397 2632 823 2703; x_wconf 78' lang='lat' dir='ltr'><strong>prorsusetsuprahominemlips.</strong></span> <span class='ocrx_word' id='word_1_174' title='bbox 904 2637 928 2687; x_wconf 83' lang='lat'><strong>3.</strong></span> <span class='ocrx_word' id='word_1_175' title='bbox 950 2637 1108 2689; x_wconf 82' lang='lat' dir='ltr'><strong>Custodiam.</strong></span> <span class='ocrx_word' id='word_1_176' title='bbox 1121 2637 1142 2686; x_wconf 79' lang='lat' dir='ltr'>A</span> <span class='ocrx_word' id='word_1_177' title='bbox 1163 2633 1278 2707; x_wconf 87' lang='lat' dir='ltr'><strong>.Scriptt.</strong></span> <span class='ocrx_word' id='word_1_178' title='bbox 1291 2653 1389 2706; x_wconf 80' lang='lat' dir='ltr'><strong>argen-</strong></span> 
     </span>
     <span class='ocr_line' id='line_1_22' title="bbox 311 2709 1387 2788; baseline 0.001 -26"><span class='ocrx_word' id='word_1_179' title='bbox 311 2711 435 2762; x_wconf 85' lang='lat' dir='ltr'><strong>-Vertit</strong></span> <span class='ocrx_word' id='word_1_180' title='bbox 453 2709 592 2782; x_wconf 64' lang='lat' dir='ltr'><strong>Lagrange</strong></span> <span class='ocrx_word' id='word_1_181' title='bbox 604 2729 612 2763; x_wconf 73' lang='grc' dir='ltr'>ι</span> <span class='ocrx_word' id='word_1_182' title='bbox 625 2711 729 2783; x_wconf 78' lang='lat' dir='ltr'><strong>usam</strong></span> <span class='ocrx_word' id='word_1_183' title='bbox 742 2715 822 2782; x_wconf 85' lang='lat' dir='ltr'><strong>qu’on</strong></span> <span class='ocrx_word' id='word_1_184' title='bbox 871 2726 917 2766; x_wconf 82' lang='lat' dir='ltr'><strong>tcae</strong></span> <span class='ocrx_word' id='word_1_185' title='bbox 938 2713 1076 2775; x_wconf 81' lang='lat' dir='ltr'><strong>Latinitatis</strong></span> <span class='ocrx_word' id='word_1_186' title='bbox 1096 2711 1221 2788; x_wconf 77' lang='lat' dir='ltr'><strong>signifieat</strong></span> <span class='ocrx_word' id='word_1_187' title='bbox 1240 2729 1313 2774; x_wconf 83' lang='lat' dir='ltr'><strong>eunt,</strong></span> <span class='ocrx_word' id='word_1_188' title='bbox 1335 2711 1387 2782; x_wconf 89' lang='lat' dir='ltr'><strong>qui</strong></span> 
     </span>
     <span class='ocr_line' id='line_1_23' title="bbox 312 2788 1385 2862; baseline -0.001 -21"><span class='ocrx_word' id='word_1_189' title='bbox 312 2791 618 2862; x_wconf 58' lang='lat' dir='ltr'><strong>I&#39;mireetqu&#39;onffsy</strong></span> <span class='ocrx_word' id='word_1_190' title='bbox 630 2793 798 2842; x_wconf 80' lang='lat' dir='ltr'><strong>reconnaisse.</strong></span> <span class='ocrx_word' id='word_1_191' title='bbox 871 2790 1015 2842; x_wconf 85' lang='lat' dir='ltr'><strong>custoditur.</strong></span> <span class='ocrx_word' id='word_1_192' title='bbox 1039 2790 1106 2852; x_wconf 82' lang='lat' dir='ltr'><strong>lllals</strong></span> <span class='ocrx_word' id='word_1_193' title='bbox 1131 2789 1278 2842; x_wconf 86' lang='lat' dir='ltr'><strong>Gruteri&#39;ani</strong></span> <span class='ocrx_word' id='word_1_194' title='bbox 1302 2788 1385 2841; x_wconf 87' lang='lat' dir='ltr'><strong>codd.</strong></span> 
     </span>
     <span class='ocr_line' id='line_1_24' title="bbox 349 2866 1386 2941; baseline 0.002 -22"><span class='ocrx_word' id='word_1_195' title='bbox 349 2889 370 2921; x_wconf 89' lang='grc' dir='ltr'><strong>ι.</strong></span> <span class='ocrx_word' id='word_1_196' title='bbox 388 2866 431 2921; x_wconf 83' lang='lat' dir='ltr'><strong>Sr&#39;c</strong></span> <span class='ocrx_word' id='word_1_197' title='bbox 442 2880 548 2936; x_wconf 73' lang='lat' dir='ltr'><strong>argento</strong></span> <span class='ocrx_word' id='word_1_198' title='bbox 559 2872 647 2921; x_wconf 85' lang='lat' dir='ltr'><strong>utitur.</strong></span> <span class='ocrx_word' id='word_1_199' title='bbox 660 2867 782 2941; x_wconf 79' lang='lat' dir='ltr'><strong>Aristippi</strong></span> <span class='ocrx_word' id='word_1_200' title='bbox 794 2887 823 2919; x_wconf 88' lang='lat' dir='ltr'><strong>ea</strong></span> <span class='ocrx_word' id='word_1_201' title='bbox 870 2871 1006 2922; x_wconf 84' lang='lat' dir='ltr'><strong>custodem.</strong></span> <span class='ocrx_word' id='word_1_202' title='bbox 1018 2869 1058 2922; x_wconf 86' lang='lat' dir='ltr'><strong>Ci.</strong></span> <span class='ocrx_word' id='word_1_203' title='bbox 1072 2871 1102 2922; x_wconf 80' lang='lat' dir='ltr'><strong>erl</strong></span> <span class='ocrx_word' id='word_1_204' title='bbox 1118 2871 1148 2922; x_wconf 88' lang='lat' dir='ltr'><strong>dc</strong></span> <span class='ocrx_word' id='word_1_205' title='bbox 1159 2869 1255 2940; x_wconf 81' lang='lat' dir='ltr'><strong>Tranq.</strong></span> <span class='ocrx_word' id='word_1_206' title='bbox 1269 2871 1320 2934; x_wconf 29' lang='lat' dir='ltr'><strong>illu.</strong></span> <span class='ocrx_word' id='word_1_207' title='bbox 1334 2888 1386 2934; x_wconf 86' lang='lat' dir='ltr'><strong>to,</strong></span> 
     </span>
     <span class='ocr_line' id='line_1_25' title="bbox 313 2945 1387 3021; baseline 0 -23"><span class='ocrx_word' id='word_1_208' title='bbox 313 2966 402 3011; x_wconf 89' lang='lat' dir='ltr'><strong>mens,</strong></span> <span class='ocrx_word' id='word_1_209' title='bbox 414 2947 459 3018; x_wconf 91' lang='lat' dir='ltr'><strong>qui</strong></span> <span class='ocrx_word' id='word_1_210' title='bbox 468 2947 607 3021; x_wconf 77' lang='lat' dir='ltr'><strong>increpanti</strong></span> <span class='ocrx_word' id='word_1_211' title='bbox 617 2947 685 3016; x_wconf 87' lang='lat' dir='ltr'><strong>qnod</strong></span> <span class='ocrx_word' id='word_1_212' title='bbox 697 2947 822 3018; x_wconf 85' lang='lat' dir='ltr'><strong>perdicem</strong></span> <span class='ocrx_word' id='word_1_213' title='bbox 872 2945 937 2997; x_wconf 67' lang='lat' dir='ltr'><strong>3.st</strong></span> <span class='ocrx_word' id='word_1_214' title='bbox 946 2973 978 2985; x_wconf 90' lang='lat'>-</span> <span class='ocrx_word' id='word_1_215' title='bbox 990 2947 1142 3000; x_wconf 73' lang='lat' dir='ltr'><strong>Custodiam</strong></span> <span class='ocrx_word' id='word_1_216' title='bbox 1155 2961 1219 3010; x_wconf 84' lang='lat' dir='ltr'><strong>recte</strong></span> <span class='ocrx_word' id='word_1_217' title='bbox 1231 2957 1299 2999; x_wconf 92' lang='lat' dir='ltr'><strong>tenet</strong></span> <span class='ocrx_word' id='word_1_218' title='bbox 1311 2945 1387 2999; x_wconf 87' lang='lat' dir='ltr'><strong>idem</strong></span> 
     </span>
     <span class='ocr_line' id='line_1_26' title="bbox 315 3024 1389 3097; baseline 0 -21"><span class='ocrx_word' id='word_1_219' title='bbox 315 3024 499 3097; x_wconf 74' lang='lat' dir='ltr'><strong>quinquaginta</strong></span> <span class='ocrx_word' id='word_1_220' title='bbox 511 3025 637 3077; x_wconf 77' lang='lat' dir='ltr'><strong>drachmis</strong></span> <span class='ocrx_word' id='word_1_221' title='bbox 651 3026 768 3087; x_wconf 78' lang='lat' dir='ltr'><strong>emisset:</strong></span> <span class='ocrx_word' id='word_1_222' title='bbox 782 3038 821 3088; x_wconf 86' lang='lat' dir='ltr'><strong>et,</strong></span> <span class='ocrx_word' id='word_1_223' title='bbox 873 3035 956 3075; x_wconf 87' lang='lat' dir='ltr'><strong>noster</strong></span> <span class='ocrx_word' id='word_1_224' title='bbox 970 3024 1032 3092; x_wconf 66' lang='lat' dir='ltr'><strong>Arg.</strong></span> <span class='ocrx_word' id='word_1_225' title='bbox 1045 3029 1069 3077; x_wconf 79' lang='grc' dir='ltr'><strong>ὸ.</strong></span> <span class='ocrx_word' id='word_1_226' title='bbox 1081 3024 1133 3094; x_wconf 82' lang='lat' dir='ltr'><strong>Qui</strong></span> <span class='ocrx_word' id='word_1_227' title='bbox 1149 3027 1280 3088; x_wconf 75' lang='lat' dir='ltr'><strong>custodem</strong></span> <span class='ocrx_word' id='word_1_228' title='bbox 1298 3024 1389 3076; x_wconf 90' lang='lat' dir='ltr'><strong>dede-</strong></span> 
     </span>
     <span class='ocr_line' id='line_1_27' title="bbox 314 3099 1389 3174; baseline -0.002 -20"><span class='ocrx_word' id='word_1_229' title='bbox 314 3103 467 3174; x_wconf 84' lang='lat' dir='ltr'><strong>ta,inquit,</strong></span> <span class='ocrx_word' id='word_1_230' title='bbox 478 3103 550 3155; x_wconf 83' lang='lat' dir='ltr'><strong>ittam</strong></span> <span class='ocrx_word' id='word_1_231' title='bbox 562 3102 700 3155; x_wconf 87' lang='lat' dir='ltr'><strong>obolonon</strong></span> <span class='ocrx_word' id='word_1_232' title='bbox 710 3101 823 3156; x_wconf 83' lang='lat' dir='ltr'><strong>emeres?</strong></span> <span class='ocrx_word' id='word_1_233' title='bbox 873 3113 945 3164; x_wconf 84' lang='lat' dir='ltr'><strong>runt,</strong></span> <span class='ocrx_word' id='word_1_234' title='bbox 965 3099 996 3152; x_wconf 84' lang='lat' dir='ltr'><strong>ab</strong></span> <span class='ocrx_word' id='word_1_235' title='bbox 1012 3101 1051 3152; x_wconf 88' lang='lat' dir='ltr'><strong>his</strong></span> <span class='ocrx_word' id='word_1_236' title='bbox 1069 3101 1185 3156; x_wconf 81' lang='lat' dir='ltr'><strong>seltoliun</strong></span> <span class='ocrx_word' id='word_1_237' title='bbox 1197 3101 1224 3153; x_wconf 87' lang='lat' dir='ltr'><strong>in</strong></span> <span class='ocrx_word' id='word_1_238' title='bbox 1238 3113 1389 3158; x_wconf 71' lang='lat' dir='ltr'><strong>comeatum</strong></span> 
     </span>
     <span class='ocr_line' id='line_1_28' title="bbox 315 3178 1118 3253; baseline -0.002 -21"><span class='ocrx_word' id='word_1_239' title='bbox 315 3183 452 3233; x_wconf 79' lang='lat' dir='ltr'><strong>Annuente</strong></span> <span class='ocrx_word' id='word_1_240' title='bbox 464 3198 471 3233; x_wconf 75' lang='grc' dir='ltr'><strong>ε</strong></span> <span class='ocrx_word' id='word_1_241' title='bbox 485 3180 553 3233; x_wconf 79' lang='lat' dir='ltr'><strong>lttiti</strong></span> <span class='ocrx_word' id='word_1_242' title='bbox 566 3194 666 3244; x_wconf 86' lang='lat' dir='ltr'><strong>autem,</strong></span> <span class='ocrx_word' id='word_1_243' title='bbox 680 3181 730 3244; x_wconf 83' lang='lat' dir='ltr'><strong>ait,</strong></span> <span class='ocrx_word' id='word_1_244' title='bbox 743 3180 824 3253; x_wconf 89' lang='lat' dir='ltr'><strong>quin·</strong></span> <span class='ocrx_word' id='word_1_245' title='bbox 873 3179 972 3232; x_wconf 93' lang='lat' dir='ltr'><strong>illatum</strong></span> <span class='ocrx_word' id='word_1_246' title='bbox 983 3191 1026 3231; x_wconf 83' lang='lat' dir='ltr'><strong>est.</strong></span> <span class='ocrx_word' id='word_1_247' title='bbox 1039 3178 1118 3234; x_wconf 69' lang='lat' dir='ltr'><strong>Scia.</strong></span> 
     </span>
     <span class='ocr_line' id='line_1_29' title="bbox 316 3255 1390 3336; baseline -0.005 -23"><span class='ocrx_word' id='word_1_248' title='bbox 316 3261 438 3336; x_wconf 78' lang='lat' dir='ltr'><strong>quaginta</strong></span> <span class='ocrx_word' id='word_1_249' title='bbox 448 3260 574 3321; x_wconf 75' lang='lat' dir='ltr'><strong>drachmae</strong></span> <span class='ocrx_word' id='word_1_250' title='bbox 581 3260 744 3313; x_wconf 86' lang='lat' dir='ltr'><strong>auntobolns.</strong></span> <span class='ocrx_word' id='word_1_251' title='bbox 753 3258 824 3312; x_wconf 81' lang='lat' dir='ltr'><strong>Just.</strong></span> <span class='ocrx_word' id='word_1_252' title='bbox 905 3258 929 3322; x_wconf 76' lang='grc'><strong>4.</strong></span> <span class='ocrx_word' id='word_1_253' title='bbox 948 3259 1064 3326; x_wconf 83' lang='lat' dir='ltr'><strong>Capulat.</strong></span> <span class='ocrx_word' id='word_1_254' title='bbox 1082 3255 1203 3310; x_wconf 74' lang='lat' dir='ltr'><strong>Manilius</strong></span> <span class='ocrx_word' id='word_1_255' title='bbox 1220 3255 1280 3308; x_wconf 85' lang='lat' dir='ltr'><strong>tales</strong></span> <span class='ocrx_word' id='word_1_256' title='bbox 1297 3266 1390 3308; x_wconf 84' lang='lat' dir='ltr'><strong>custo-</strong></span> 
     </span>
     <span class='ocr_line' id='line_1_30' title="bbox 316 3331 1388 3417; baseline -0.006 -25"><span class='ocrx_word' id='word_1_257' title='bbox 316 3339 390 3417; x_wconf 74' lang='lat' dir='ltr'><strong>Lips.</strong></span> <span class='ocrx_word' id='word_1_258' title='bbox 872 3335 916 3387; x_wconf 84' lang='lat' dir='ltr'><strong>dea</strong></span> <span class='ocrx_word' id='word_1_259' title='bbox 924 3334 984 3388; x_wconf 84' lang='lat' dir='ltr'><strong>facit</strong></span> <span class='ocrx_word' id='word_1_260' title='bbox 993 3335 1038 3405; x_wconf 90' lang='lat' dir='ltr'><strong>qui</strong></span> <span class='ocrx_word' id='word_1_261' title='bbox 1045 3333 1091 3386; x_wconf 87' lang='lat' dir='ltr'><strong>sub</strong></span> <span class='ocrx_word' id='word_1_262' title='bbox 1100 3334 1262 3386; x_wconf 80' lang='lat' dir='ltr'><strong>Andromeda</strong></span> <span class='ocrx_word' id='word_1_263' title='bbox 1274 3333 1325 3386; x_wconf 85' lang='lat' dir='ltr'><strong>nati</strong></span> <span class='ocrx_word' id='word_1_264' title='bbox 1335 3331 1388 3386; x_wconf 86' lang='lat' dir='ltr'><strong>lib.</strong></span> 
     </span>
     <span class='ocr_line' id='line_1_31' title="bbox 351 3411 1383 3484; baseline -0.004 -15"><span class='ocrx_word' id='word_1_265' title='bbox 351 3439 373 3469; x_wconf 85' lang='lat' dir='ltr'><strong>a.</strong></span> <span class='ocrx_word' id='word_1_266' title='bbox 388 3416 553 3470; x_wconf 76' lang='lat' dir='ltr'><strong>Hecatonem.</strong></span> <span class='ocrx_word' id='word_1_267' title='bbox 567 3415 641 3470; x_wconf 81' lang='lat' dir='ltr'><strong>Recte</strong></span> <span class='ocrx_word' id='word_1_268' title='bbox 660 3416 718 3470; x_wconf 90' lang='lat' dir='ltr'><strong>edd.</strong></span> <span class='ocrx_word' id='word_1_269' title='bbox 737 3415 825 3468; x_wconf 79' lang='lat' dir='ltr'><strong>indes</strong></span> <span class='ocrx_word' id='word_1_270' title='bbox 874 3411 1085 3466; x_wconf 71' lang='lat' dir='ltr'><strong>StoVinctornm</strong></span> <span class='ocrx_word' id='word_1_271' title='bbox 1099 3411 1216 3464; x_wconf 90' lang='lat' dir='ltr'><strong>daminus</strong></span> <span class='ocrx_word' id='word_1_272' title='bbox 1227 3453 1233 3478; x_wconf 88' lang='lat'>,</span> <span class='ocrx_word' id='word_1_273' title='bbox 1246 3411 1383 3484; x_wconf 86' lang='lat' dir='ltr'><strong>saciusque</strong></span> 
     </span>
     <span class='ocr_line' id='line_1_32' title="bbox 317 3491 1387 3566; baseline -0.002 -20"><span class='ocrx_word' id='word_1_274' title='bbox 317 3494 434 3559; x_wconf 78' lang='lat' dir='ltr'><strong>Mateta,</strong></span> <span class='ocrx_word' id='word_1_275' title='bbox 451 3513 507 3546; x_wconf 93' lang='lat' dir='ltr'><strong>cum</strong></span> <span class='ocrx_word' id='word_1_276' title='bbox 526 3514 571 3546; x_wconf 89' lang='lat' dir='ltr'><strong>ms.</strong></span> <span class='ocrx_word' id='word_1_277' title='bbox 587 3493 612 3545; x_wconf 75' lang='lat' dir='ltr'><strong>lt.</strong></span> <span class='ocrx_word' id='word_1_278' title='bbox 630 3505 653 3546; x_wconf 88' lang='lat' dir='ltr'><strong>et</strong></span> <span class='ocrx_word' id='word_1_279' title='bbox 670 3492 733 3545; x_wconf 87' lang='lat' dir='ltr'><strong>aliis.</strong></span> <span class='ocrx_word' id='word_1_280' title='bbox 753 3491 824 3544; x_wconf 88' lang='lat' dir='ltr'><strong>Olim</strong></span> <span class='ocrx_word' id='word_1_281' title='bbox 873 3493 976 3566; x_wconf 87' lang='lat' dir='ltr'><strong>inparte</strong></span> <span class='ocrx_word' id='word_1_282' title='bbox 989 3504 1095 3556; x_wconf 77' lang='lat' dir='ltr'><strong>catenae,</strong></span> <span class='ocrx_word' id='word_1_283' title='bbox 1106 3491 1234 3544; x_wconf 90' lang='lat' dir='ltr'><strong>interdum</strong></span> <span class='ocrx_word' id='word_1_284' title='bbox 1246 3492 1387 3565; x_wconf 81' lang='lat' dir='ltr'><strong>poenisin·</strong></span> 
     </span>
     <span class='ocr_line' id='line_1_33' title="bbox 320 3569 1276 3644; baseline -0.004 -19"><span class='ocrx_word' id='word_1_285' title='bbox 320 3574 450 3626; x_wconf 84' lang='lat' dir='ltr'><strong>Catonem.</strong></span> <span class='ocrx_word' id='word_1_286' title='bbox 464 3573 619 3626; x_wconf 81' lang='lat' dir='ltr'><strong>Hecatonem</strong></span> <span class='ocrx_word' id='word_1_287' title='bbox 632 3573 747 3625; x_wconf 85' lang='lat' dir='ltr'><strong>Stoicum</strong></span> <span class='ocrx_word' id='word_1_288' title='bbox 764 3591 826 3644; x_wconf 81' lang='lat' dir='ltr'><strong>pas-</strong></span> <span class='ocrx_word' id='word_1_289' title='bbox 874 3571 947 3625; x_wconf 86' lang='lat' dir='ltr'><strong>noxia</strong></span> <span class='ocrx_word' id='word_1_290' title='bbox 958 3591 1062 3644; x_wconf 83' lang='lat' dir='ltr'><strong>corpora</strong></span> <span class='ocrx_word' id='word_1_291' title='bbox 1075 3582 1164 3622; x_wconf 84' lang='lat' dir='ltr'><strong>servat.</strong></span> <span class='ocrx_word' id='word_1_292' title='bbox 1174 3591 1187 3615; x_wconf 70' lang='grc' dir='ltr'><strong>ι·</strong></span> <span class='ocrx_word' id='word_1_293' title='bbox 1202 3569 1276 3634; x_wconf 80' lang='lat' dir='ltr'><strong>Lips.</strong></span> 
     </span>
     <span class='ocr_line' id='line_1_34' title="bbox 317 3645 1390 3712; baseline -0.002 -10"><span class='ocrx_word' id='word_1_294' title='bbox 317 3650 366 3702; x_wconf 90' lang='lat' dir='ltr'><strong>sim</strong></span> <span class='ocrx_word' id='word_1_295' title='bbox 379 3664 402 3704; x_wconf 91' lang='lat' dir='ltr'><strong>et</strong></span> <span class='ocrx_word' id='word_1_296' title='bbox 414 3650 474 3704; x_wconf 85' lang='lat' dir='ltr'><strong>alibi</strong></span> <span class='ocrx_word' id='word_1_297' title='bbox 492 3651 578 3704; x_wconf 87' lang='lat' dir='ltr'><strong>laudat</strong></span> <span class='ocrx_word' id='word_1_298' title='bbox 595 3652 702 3712; x_wconf 77' lang='lat' dir='ltr'><strong>Seneca,</strong></span> <span class='ocrx_word' id='word_1_299' title='bbox 725 3663 750 3702; x_wconf 91' lang='lat' dir='ltr'><strong>et</strong></span> <span class='ocrx_word' id='word_1_300' title='bbox 768 3669 826 3701; x_wconf 73' lang='lat' dir='ltr'><strong>inor</strong></span> <span class='ocrx_word' id='word_1_301' title='bbox 908 3651 931 3702; x_wconf 84' lang='lat'><strong>5.</strong></span> <span class='ocrx_word' id='word_1_302' title='bbox 949 3647 1094 3710; x_wconf 80' lang='lat' dir='ltr'><strong>Sollicitum</strong></span> <span class='ocrx_word' id='word_1_303' title='bbox 1115 3645 1186 3702; x_wconf 89' lang='lat' dir='ltr'><strong>dedit</strong></span> <span class='ocrx_word' id='word_1_304' title='bbox 1206 3647 1274 3704; x_wconf 86' lang='lat' dir='ltr'><strong>idem</strong></span> <span class='ocrx_word' id='word_1_305' title='bbox 1295 3667 1343 3700; x_wconf 83' lang='lat' dir='ltr'><strong>ms.</strong></span> <span class='ocrx_word' id='word_1_306' title='bbox 1361 3649 1390 3700; x_wconf 76' lang='lat' dir='ltr'><strong>b.</strong></span> 
     </span>
     <span class='ocr_line' id='line_1_35' title="bbox 318 3723 1390 3803; baseline -0.005 -22"><span class='ocrx_word' id='word_1_307' title='bbox 318 3748 402 3781; x_wconf 88' lang='lat' dir='ltr'><strong>rursus</strong></span> <span class='ocrx_word' id='word_1_308' title='bbox 415 3729 460 3802; x_wconf 78' lang='lat' dir='ltr'><strong>Ep.</strong></span> <span class='ocrx_word' id='word_1_309' title='bbox 472 3745 517 3794; x_wconf 85' lang='lat' dir='ltr'><strong>vr,</strong></span> <span class='ocrx_word' id='word_1_310' title='bbox 532 3750 556 3803; x_wconf 88' lang='lat' dir='ltr'><strong>p.</strong></span> <span class='ocrx_word' id='word_1_311' title='bbox 570 3732 613 3793; x_wconf 78' lang='lat'><strong>15,</strong></span> <span class='ocrx_word' id='word_1_312' title='bbox 630 3727 828 3796; x_wconf 45' lang='lat' dir='ltr'><strong>add-Heca·</strong></span> <span class='ocrx_word' id='word_1_313' title='bbox 876 3746 933 3780; x_wconf 89' lang='lat' dir='ltr'><strong>eum</strong></span> <span class='ocrx_word' id='word_1_314' title='bbox 952 3727 1017 3779; x_wconf 78' lang='lat' dir='ltr'><strong>Par.</strong></span> <span class='ocrx_word' id='word_1_315' title='bbox 1032 3727 1056 3777; x_wconf 80' lang='lat' dir='ltr'><strong>b.</strong></span> <span class='ocrx_word' id='word_1_316' title='bbox 1076 3738 1101 3782; x_wconf 86' lang='lat' dir='ltr'><strong>et</strong></span> <span class='ocrx_word' id='word_1_317' title='bbox 1115 3725 1184 3777; x_wconf 86' lang='lat' dir='ltr'><strong>editt.</strong></span> <span class='ocrx_word' id='word_1_318' title='bbox 1206 3737 1265 3776; x_wconf 83' lang='lat' dir='ltr'><strong>vett.</strong></span> <span class='ocrx_word' id='word_1_319' title='bbox 1285 3725 1316 3775; x_wconf 85' lang='lat' dir='ltr'><strong>Et</strong></span> <span class='ocrx_word' id='word_1_320' title='bbox 1335 3723 1390 3778; x_wconf 84' lang='lat' dir='ltr'><strong>lroc</strong></span> 
     </span>
     <span class='ocr_line' id='line_1_36' title="bbox 216 3801 1391 3879; baseline 0 -23"><span class='ocrx_word' id='word_1_321' title='bbox 216 3851 219 3856; x_wconf 94' lang='lat'><strong>.</strong></span> <span class='ocrx_word' id='word_1_322' title='bbox 318 3819 410 3859; x_wconf 80' lang='lat' dir='ltr'><strong>tanam</strong></span> <span class='ocrx_word' id='word_1_323' title='bbox 427 3806 522 3860; x_wconf 86' lang='lat' dir='ltr'><strong>Fuitis</strong></span> <span class='ocrx_word' id='word_1_324' title='bbox 540 3806 639 3863; x_wconf 87' lang='lat' dir='ltr'><strong>Stoicus</strong></span> <span class='ocrx_word' id='word_1_325' title='bbox 651 3806 710 3859; x_wconf 80' lang='lat' dir='ltr'><strong>sutis</strong></span> <span class='ocrx_word' id='word_1_326' title='bbox 729 3803 828 3864; x_wconf 77' lang='lat' dir='ltr'><strong>celeber</strong></span> <span class='ocrx_word' id='word_1_327' title='bbox 876 3805 972 3879; x_wconf 83' lang='lat' dir='ltr'><strong>ipsum,</strong></span> <span class='ocrx_word' id='word_1_328' title='bbox 993 3825 1006 3856; x_wconf 91' lang='lat' dir='ltr'><strong>a</strong></span> <span class='ocrx_word' id='word_1_329' title='bbox 1025 3803 1105 3856; x_wconf 82' lang='lat' dir='ltr'><strong>Gron.</strong></span> <span class='ocrx_word' id='word_1_330' title='bbox 1128 3803 1202 3856; x_wconf 83' lang='lat' dir='ltr'><strong>etiam</strong></span> <span class='ocrx_word' id='word_1_331' title='bbox 1224 3823 1252 3855; x_wconf 81' lang='lat' dir='ltr'><strong>ea</strong></span> <span class='ocrx_word' id='word_1_332' title='bbox 1273 3801 1323 3854; x_wconf 84' lang='lat' dir='ltr'><strong>alio</strong></span> <span class='ocrx_word' id='word_1_333' title='bbox 1339 3823 1391 3856; x_wconf 86' lang='lat' dir='ltr'><strong>ms.</strong></span> 
     </span>
     <span class='ocr_line' id='line_1_37' title="bbox 318 3880 1391 3959; baseline -0.005 -19"><span class='ocrx_word' id='word_1_334' title='bbox 318 3890 345 3940; x_wconf 91' lang='lat' dir='ltr'><strong>in</strong></span> <span class='ocrx_word' id='word_1_335' title='bbox 357 3887 516 3959; x_wconf 79' lang='lat' dir='ltr'><strong>antiquitate,</strong></span> <span class='ocrx_word' id='word_1_336' title='bbox 530 3887 647 3940; x_wconf 84' lang='lat' dir='ltr'><strong>Rhodius</strong></span> <span class='ocrx_word' id='word_1_337' title='bbox 656 3925 664 3949; x_wconf 87' lang='lat'><em>,</em></span> <span class='ocrx_word' id='word_1_338' title='bbox 674 3883 781 3943; x_wconf 68' lang='lat' dir='ltr'><strong>Panaetii</strong></span> <span class='ocrx_word' id='word_1_339' title='bbox 792 3882 829 3935; x_wconf 89' lang='lat' dir='ltr'><strong>di·</strong></span> <span class='ocrx_word' id='word_1_340' title='bbox 878 3883 1090 3946; x_wconf 84' lang='lat' dir='ltr'><strong>commendatum,</strong></span> <span class='ocrx_word' id='word_1_341' title='bbox 1099 3881 1292 3954; x_wconf 82' lang='lat' dir='ltr'><strong>nuperrestituit</strong></span> <span class='ocrx_word' id='word_1_342' title='bbox 1300 3880 1391 3935; x_wconf 80' lang='lat' dir='ltr'><strong>Ruhk.</strong></span> 
     </span>
     <span class='ocr_line' id='line_1_38' title="bbox 318 3960 1391 4040; baseline -0.007 -20"><span class='ocrx_word' id='word_1_343' title='bbox 318 3968 443 4040; x_wconf 84' lang='lat' dir='ltr'><strong>scipulus‚</strong></span> <span class='ocrx_word' id='word_1_344' title='bbox 457 3970 527 4040; x_wconf 74' lang='lat' dir='ltr'><strong>cuius</strong></span> <span class='ocrx_word' id='word_1_345' title='bbox 538 3987 612 4039; x_wconf 84' lang='lat' dir='ltr'><strong>opera</strong></span> <span class='ocrx_word' id='word_1_346' title='bbox 625 3965 712 4019; x_wconf 85' lang='lat' dir='ltr'><strong>amnia</strong></span> <span class='ocrx_word' id='word_1_347' title='bbox 725 3963 829 4037; x_wconf 85' lang='lat' dir='ltr'><strong>periere.</strong></span> <span class='ocrx_word' id='word_1_348' title='bbox 878 3984 922 4036; x_wconf 87' lang='lat' dir='ltr'><strong>pro</strong></span> <span class='ocrx_word' id='word_1_349' title='bbox 942 3965 1049 4026; x_wconf 80' lang='lat' dir='ltr'><strong>soliciti,</strong></span> <span class='ocrx_word' id='word_1_350' title='bbox 1071 3960 1140 4034; x_wconf 92' lang='lat' dir='ltr'><strong>quod</strong></span> <span class='ocrx_word' id='word_1_351' title='bbox 1161 3962 1220 4014; x_wconf 89' lang='lat' dir='ltr'><strong>inde</strong></span> <span class='ocrx_word' id='word_1_352' title='bbox 1237 3960 1268 4013; x_wconf 85' lang='lat' dir='ltr'><strong>ab</strong></span> <span class='ocrx_word' id='word_1_353' title='bbox 1288 3961 1391 4012; x_wconf 84' lang='lat' dir='ltr'><strong>Erasm.</strong></span> 
     </span>
     <span class='ocr_line' id='line_1_39' title="bbox 318 4039 1394 4112; baseline -0.009 -10"><span class='ocrx_word' id='word_1_354' title='bbox 318 4048 358 4100; x_wconf 78' lang='lat' dir='ltr'><strong>Ci-</strong></span> <span class='ocrx_word' id='word_1_355' title='bbox 366 4043 728 4108; x_wconf 83' lang='lat' dir='ltr'><strong>FabriciiBibl.Gr.Vol·lll,</strong></span> <span class='ocrx_word' id='word_1_356' title='bbox 757 4039 827 4094; x_wconf 52' lang='lat'><strong>353·</strong></span> <span class='ocrx_word' id='word_1_357' title='bbox 877 4045 916 4098; x_wconf 85' lang='lat' dir='ltr'><strong>cd.</strong></span> <span class='ocrx_word' id='word_1_358' title='bbox 931 4065 960 4110; x_wconf 80' lang='lat' dir='ltr'><strong>a,</strong></span> <span class='ocrx_word' id='word_1_359' title='bbox 986 4043 1114 4112; x_wconf 78' lang='lat' dir='ltr'><strong>vulgatum</strong></span> <span class='ocrx_word' id='word_1_360' title='bbox 1137 4051 1199 4096; x_wconf 85' lang='lat' dir='ltr'><strong>erat.</strong></span> <span class='ocrx_word' id='word_1_361' title='bbox 1221 4039 1394 4094; x_wconf 83' lang='lat' dir='ltr'><strong>Sollicitatur</strong></span> 
     </span>
     <span class='ocr_line' id='line_1_40' title="bbox 319 4065 1394 4207; baseline -0.009 -25"><span class='ocrx_word' id='word_1_362' title='bbox 319 4127 417 4182; x_wconf 80' lang='lat' dir='ltr'><strong>ttntes.</strong></span> <span class='ocrx_word' id='word_1_363' title='bbox 428 4127 484 4182; x_wconf 78' lang='lat' dir='ltr'><strong>Hoc</strong></span> <span class='ocrx_word' id='word_1_364' title='bbox 496 4125 591 4180; x_wconf 87' lang='lat' dir='ltr'><strong>dictam</strong></span> <span class='ocrx_word' id='word_1_365' title='bbox 600 4123 708 4207; x_wconf 88' lang='lat' dir='ltr'><strong>pertinet</strong></span> <span class='ocrx_word' id='word_1_366' title='bbox 717 4065 754 4176; x_wconf 76' lang='lat' dir='ltr'><strong>ad</strong></span> <span class='ocrx_word' id='word_1_367' title='bbox 763 4122 826 4206; x_wconf 81' lang='lat' dir='ltr'><strong>Apa·</strong></span> <span class='ocrx_word' id='word_1_368' title='bbox 877 4123 976 4200; x_wconf 76' lang='lat' dir='ltr'><strong>praefert</strong></span> <span class='ocrx_word' id='word_1_369' title='bbox 988 4133 1073 4174; x_wconf 85' lang='lat' dir='ltr'><strong>noster</strong></span> <span class='ocrx_word' id='word_1_370' title='bbox 1082 4139 1156 4173; x_wconf 79' lang='lat' dir='ltr'><strong>msc.</strong></span> <span class='ocrx_word' id='word_1_371' title='bbox 1163 4132 1251 4182; x_wconf 80' lang='lat' dir='ltr'><strong>etcum</strong></span> <span class='ocrx_word' id='word_1_372' title='bbox 1261 4117 1341 4198; x_wconf 69' lang='lat' dir='ltr'><strong>edd.</strong></span> <span class='ocrx_word' id='word_1_373' title='bbox 1357 4117 1394 4180; x_wconf 67' lang='lat' dir='ltr'><strong>S.,</strong></span> 
     </span>
    </p>
   </div>
   <div class='ocr_carea' id='block_1_3' title="bbox 0 0 1518 4992">
    <p class='ocr_par' dir='ltr' id='par_1_3' title="bbox 0 0 1518 4992">
     <span class='ocr_line' id='line_1_41' title="bbox 0 0 1518 4992; baseline 0 0"><span class='ocrx_word' id='word_1_374' title='bbox 0 0 1518 4992; x_wconf 95' lang='lat' dir='ltr'><strong> </strong></span> 
     </span>
    </p>
   </div>
  </div>
 </body>
</html>
