2975 4992
284 370 350 439 268
577 368 618 434 L.
643 368 820 438 ANNAEI
842 370 1059 441 SENECAE

241 506 257 569 t
282 496 452 591 quaedam¹
474 498 527 567 vel
545 500 714 591 opacitas,
734 498 788 567 vel
806 501 969 569 immensa
985 501 1128 570 altitudo
1145 505 1305 573 sacravit.
1317 504 1357 572 Si

281 615 455 681 hominem
467 611 599 683 videris
617 614 812 683 interritum
834 616 1014 708 periculis,
1034 620 1197 686 intactum
1212 617 1359 713 eupidi-

281 728 424 809 tatibus‚
443 730 534 797 inter
548 728 691 799 adversa
709 729 862 813 felicem,
881 734 919 803 in
935 720 1057 819 mediis
1075 735 1358 827 ²tempestatibus

281 842 475 936 placidum,
494 867 535 911 ex
550 846 728 938 superiore
741 844 817 915 loco
829 844 987 913 homines
999 846 1189 931 videntem,
1204 872 1360 940 exaequo

281 958 373 1027 Deos
383 952 415 1045 ³3
431 982 501 1027 non
518 958 649 1027 subibit
661 973 697 1027 te
708 960 1072 1053 ejusveneratiolnon
1086 962 1181 1031 diaes
1197 988 1205 1028 :
1220 965 1289 1031 lsta
1299 985 1359 1030 res

282 1075 391 1167 major
406 1090 457 1143 est
473 1075 660 1170 altiorque,
682 1100 785 1168 quam
802 1093 841 1146 ut
859 1078 954 1146 credi
971 1078 1091 1147 similis
1107 1079 1191 1146 huic
1200 1130 1212 1164 ,
1230 1080 1269 1146 in
1285 1101 1358 1168 quo

282 1203 351 1271 est,
371 1188 571 1281 corpusculo
592 1190 723 1283 possit?
736 1191 796 1257 Vis
811 1190 899 1258 istuc
921 1190 1037 1259 divina
1061 1190 1250 1259 deseendit.
1267 1189 1360 1258 Ani-

283 1328 374 1372 mum
388 1304 629 1387 excellentem,
654 1304 865 1374 moderatum
883 1358 893 1389 ,
918 1309 1032 1375 omnia
1048 1324 1209 1400 tanquam
1226 1310 1361 1375 minora

283 1435 535 1504 transeuntem,
555 1418 727 1512 quidquid
745 1420 901 1488 timemus
916 1401 1139 1514 optamusque
1159 1422 1355 1503 ridentem,

242 1554 256 1603 5
284 1533 428 1603 eoelestis
442 1536 596 1628 potentia
610 1536 729 1628 agitat.
749 1537 826 1603 Non
841 1551 952 1629 potest
971 1561 1026 1605 res
1045 1554 1138 1606 tanta
1157 1540 1230 1607 siue
1244 1538 1359 1605 admi-

183 1646 184 1651 ’
282 1650 398 1719 niculo
416 1652 573 1720 Numinis
591 1667 681 1735 stare
702 1679 710 1718 ι
732 1653 849 1744 itaque
866 1654 993 1745 majore
1016 1656 1068 1721 sui
1083 1670 1181 1747 parte
1199 1656 1356 1738 illiceat,

283 1770 375 1838 unde
393 1761 606 1838 descendit⁴.
634 1768 931 1860 Quemadmodum
946 1771 1035 1837 radii
1054 1772 1134 1840 solis
1153 1774 1361 1867 contingunt

284 1886 421 1979 quidem
440 1904 582 1967 terram,
606 1884 666 1953 sed
684 1885 733 1968 ibi
752 1902 851 1966 sunt,
873 1884 966 1954 unde
984 1888 1164 1955 mittrmtur
1181 1916 1191 1957 ι
1211 1890 1261 1957 sic
1278 1891 1361 1957 ani-

285 2029 359 2073 mus
377 2028 519 2098 magnus
538 2018 574 2072 ot
590 2026 698 2085 sacer,
714 2017 750 2071 ot
763 2004 800 2073 in
815 2002 882 2071 hoc
896 2002 1083 2089 demissus,
1098 2022 1138 2073 ut
1153 2009 1294 2100 propius
1306 2006 1362 2087 di,-

284 2125 362 2191 viua
375 2146 550 2191 nossemus
559 2172 574 2204 ,¹
583 2137 805 2202 conversatur
817 2118 956 2213 quidem
969 2122 1146 2192 nobiscum
1158 2174 1166 2205 ,
1179 2121 1239 2209 sed
1252 2124 1364 2192 haeret

285 2240 411 2331 origini
430 2262 498 2307 suae
516 2264 524 2305 :
542 2237 640 2305 illinc
654 2237 803 2330 pendet,
822 2237 905 2306 illuc
924 2253 1053 2330 spectat
1071 2262 1112 2307 oo
1129 2241 1251 2309 nititur
1270 2269 1278 2309 :
1295 2266 1364 2309 no-

286 2356 365 2423 stris
379 2371 540 2447 tanquam
554 2354 675 2437 melior
686 2354 840 2421 interest.
860 2352 949 2446 Quis
962 2370 1013 2422 est
1028 2379 1111 2449 ergo
1126 2355 1184 2424 hie
1196 2358 1211 2425 Ρ
1223 2359 1362 2444 animus

288 2460 892 2562 wfflMmfflmfflw.

228 2595 262 2667 ¹o
336 2584 433 2678 Quid
449 2586 541 2654 enim
562 2601 614 2653 est
630 2584 766 2653 stultius
776 2575 804 2667 ⁶,
825 2609 926 2675 quam
944 2587 981 2663 in
997 2584 1136 2658 homine
1153 2588 1265 2657 aliena
1282 2588 1375 2659 lau-.

289 2800 368 2873 vulgo
381 2802 511 2863 insertam,
527 2802 628 2873 ignom
641 2800 682 2853 ed.
694 2801 730 2851 Α.
741 2818 800 2853 cum
848 2798 918 2851 illius
934 2813 1048 2858 versatur
1060 2802 1173 2855 interra.
1186 2803 1263 2871 Quod
1283 2822 1364 2855 exse·

289 2898 334 2931 ms.
347 2880 372 2931 b.
382 2899 402 2931 c.
414 2892 438 2931 st
451 2880 507 2933 Col.
519 2878 601 2937 Schts.
695 2892 702 2906 '
793 2936 796 2939 ,
850 2877 939 2946 quenti
953 2880 1140 2952 comparatione
1155 2892 1228 2954 putet.

324 2974 345 3007 ι.
374 2956 508 3027 Quadam
531 2960 575 3017 uel
599 2961 726 3025 opacitas·
755 2956 801 3009 sic
882 2956 908 3006 5.
923 2952 980 3023 Qui
986 2958 1059 3008 natta
1069 2958 1197 3009 bomnisr‘
1202 2976 1250 3008 sao
1258 2959 1364 3009 amm.

290 3034 388 3085 Erasm.
399 3048 424 3087 et
433 3035 510 3093 editio
519 3033 799 3101 setusmml'alat.sec·
849 3031 922 3083 Olim
931 3036 996 3085 nitet
1005 3033 1063 3087 edd
1074 3045 1099 3088 et
1114 3035 1184 3089 mssti
1197 3052 1301 3095 omnes,
1322 3055 1365 3086 ex·

289 3114 340 3167 Sed
352 3116 443 3195 frigide
451 3155 460 3179 ‚
478 3117 512 3167 sit
529 3116 670 3181 Gruterus,
684 3132 735 3184 prae
750 3133 798 3177 ea,
850 3108 926 3181 captis
938 3109 994 3163 Pal.
1011 3110 1125 3177 1‚et3,
1147 3110 1281 3181 qai(non
1297 3110 1366 3182 opti·

290 3194 358 3265 quod
370 3207 407 3245 est
419 3196 447 3245 in
466 3193 522 3246 aliis
536 3204 661 3263 quatuor:
676 3191 802 3245 colunne:
850 3206 898 3241 ωε
909 3187 1014 3257 quidem
1025 3188 1123 3260 alioqui
1132 3189 1216 3255 nota)
1234 3206 1323 3240 vesum
1335 3187 1363 3239 ls.

289 3291 423 3339 aquaram
444 3270 679 3339 wleatsismsoates
696 3279 722 3326 et
736 3278 800 3326 sta-
850 3265 867 3317 l.
879 3264 1128 3331 dedemnnm'titnr,
1140 3265 1283 3337 quadrante
1295 3286 1366 3319 rees-

287 3369 359 3418 ξω,
378 3368 438 3421 qua
460 3354 501 3403 acl
517 3353 644 3421 opacitas.
663 3347 800 3421 vulgatam
850 3343 1045 3417 plumalipsio.
1053 3342 1253 3400 Cl.uot.deloco
1260 3344 1318 3396 sim.
1328 3343 1365 3395 ad

290 3439 375 3478 tamea
392 3440 475 3479 tuetur
496 3446 598 3497 quoque
620 3426 722 3481 Senecae
744 3445 800 3479 mat
849 3422 897 3496 Ep·
914 3436 998 3483 xxxn.
1019 3418 1102 3489 Huius
1117 3420 1246 3492 scriptum
1255 3420 1367 3492 quidem

290 3500 421 3573 loquendi
436 3502 524 3556 nott.
850 3514 937 3565 testem
949 3503 1024 3556 etiam
1033 3504 1282 3555 consummarem
1292 3502 1367 3570 (qut

325 3600 347 3631 a.
363 3580 570 3649 Tempestatibus
584 3581 648 3634 bene
666 3581 723 3634 edd.
742 3601 800 3634 cum
851 3594 937 3637 nostra
950 3580 989 3634 ed·
1009 3582 1044 3632 Α.
1058 3587 1109 3644 est)
1130 3580 1262 3634 sdvooavit
1274 3580 1368 3634 ltuhk.

290 3678 336 3710 ms.
348 3678 370 3709 c.
389 3658 611 3727 Temptationibus
621 3678 667 3711 ros.
683 3661 708 3712 b.
720 3658 802 3712 Setia.
851 3660 977 3713 eteoclem
989 3658 1051 3711 vitio
1061 3655 1367 3726 illuminationum,

324 3738 346 3790 3.
360 3735 409 3788 Ex
420 3756 495 3805 oeqao
504 3736 619 3802 Deos,i.
628 3757 649 3789 e.
661 3737 704 3807 qui
715 3736 803 3790 homi·
851 3738 929 3811 paulo
941 3735 1171 3809 quidemsupsrius
1189 3737 1281 3787 untur
1296 3747 1370 3789 recta

291 3833 335 3866 nes
355 3828 469 3886 superat,
487 3815 557 3867 Deos
569 3828 661 3888 aquat.
674 3815 801 3869 Gloriatio
852 3828 957 3879 teneas,
972 3814 1016 3865 sed
1030 3813 1055 3865 h.
1067 3814 1084 3865 l.
1098 3817 1161 3867 nitet
1172 3831 1181 3865 .·
1193 3812 1234 3865 coi
1245 3812 1324 3866 verba
1337 3814 1369 3866 in

291 3889 343 3945 lanc
359 3891 502 3959 Stoicorum
517 3894 613 3946 crebra.
627 3892 701 3961 lips.
851 3912 899 3945 ms.
911 3911 932 3943 c.
952 3890 1148 3963 superseriptum
1160 3890 1236 3955 etiam
1246 3890 1370 3947 scholion

324 3968 349 4032 4.
361 3968 455 4037 Itaque
466 3973 591 4037 majore...
601 3971 740 4023 descendit.
752 3970 800 4021 lat
849 3971 974 4036 splendet.
983 3966 1069 4021 Salso.

293 4042 374 4116 major
384 4066 439 4119 pars
449 4046 567 4121 sapientis
581 4046 607 4099 iu
619 4048 682 4101 caelo
692 4060 801 4113 est,nn·
881 4046 906 4098 6.
930 4044 1006 4115 Quid
1027 4047 1096 4099 enim
1122 4055 1162 4099 est
1184 4046 1299 4099 sattius.
1322 4045 1372 4102 δίο

293 4118 800 4197 ἆῦὲηἰιηωοῇωἀωεωᾶᾗῑςρπιιηὶηοι
850 4121 1308 4196 msstietaddomnssantallipoutiu
1316 4142 1373 4193 qna
