2975 4992
347 496 416 567 686
703 494 771 563 DE
794 494 1072 564 EPISTOLIS

345 662 384 703 ne
401 638 521 722 eonooit
533 638 620 723 point
632 638 673 703 dc
686 652 773 714 tout,
785 636 861 701 c’est
875 653 1032 701 comment
1045 660 1097 703 ces
1111 641 1266 725 sophistes
1279 642 1360 703 n’ont
1370 646 1408 725 js-

345 746 423 809 mais
434 750 482 809 ott
496 744 677 813 lolidement
688 744 814 809 refutes.
828 742 981 827 L’evtqoo
996 748 1035 809 de
1045 743 1167 830 Cloyno
1178 769 1199 809 a
1208 748 1254 810 dit
1265 773 1275 809 z
1285 746 1349 811 soit
1360 773 1407 831 qne

341 856 372 937 je
389 866 493 915 monte
508 872 547 914 cu
561 850 635 914 hont
646 854 701 915 des
714 864 916 935 montagnes.
932 850 1062 935 coitque
1076 854 1106 935 ie
1120 855 1272 917 descende
1288 856 1359 917 dens
1370 857 1405 917 les

342 960 475 1043 collect,
490 976 525 1023 ce
537 956 614 1021 n'est
626 958 736 1041 jomeit
751 980 811 1041 qne
822 957 887 1019 noi
901 980 959 1041 qne
972 960 1152 1043 j‘aperoois3
1167 964 1250 1025 donc
1261 961 1285 1023 il
1299 978 1343 1025 ost
1351 986 1407 1046 pos-

342 1066 419 1129 sible
434 1064 509 1147 qn’il
524 1061 650 1127 n'esiste
667 1086 725 1145 que
740 1065 850 1126 moi...
866 1077 896 1128 et
909 1063 1040 1151 Berlley
1052 1069 1158 1129 attend
1173 1088 1288 1133 encore
1300 1080 1406 1133 cnere'-

340 1193 446 1257 ponte.
463 1168 537 1233 lsier
550 1169 723 1233 l’exictenoe
736 1170 833 1233 reclle
845 1173 883 1233 de
899 1191 958 1233 son
971 1188 1086 1255 propre
1102 1193 1195 1257 corps
1207 1195 1287 1239 avec
1300 1175 1331 1237 le
1348 1198 1407 1239 sen-

339 1281 457 1355 satiom
474 1278 553 1343 n’est
568 1280 654 1365 point
669 1297 730 1341 one
743 1280 837 1343 close
852 1279 953 1343 facile.

380 1386 437 1453 Ses
452 1389 556 1451 lettres
581 1406 634 1450 snt·
656 1387 686 1449 ln
702 1386 841 1463 lecture,
857 1386 903 1449 les
921 1387 1128 1451 exhortatione
1147 1402 1181 1451 et
1199 1390 1248 1453 les
1267 1392 1407 1465 nomin,

336 1495 485 1580 l’opinion
495 1497 548 1557 des
561 1494 806 1579 pdripatdticiens
817 1493 923 1557 eccles
938 1494 1076 1578 passione
1089 1535 1099 1569 ,
1111 1494 1275 1559 lemison
1285 1499 1410 1561 decan·

337 1620 434 1689 pagno
459 1604 496 1665 de
516 1600 641 1686 Scipion
657 1600 832 1672 l’Al'ticein,
851 1600 898 1663 les
917 1598 1004 1663 boine
1023 1603 1144 1665 enciens
1164 1616 1197 1665 et
1213 1603 1263 1665 les
1282 1604 1409 1669 boinsde

336 1725 508 1787 sontem,
531 1709 562 1772 la
581 1708 698 1772 culture
714 1710 768 1771 des
789 1708 935 1779 olivierc.
960 1708 989 1770 la
1005 1707 1165 1792 frugalite,
1186 1710 1219 1771 le
1233 1710 1305 1775 lnxe
1326 1726 1355 1775 et
1371 1714 1410 1775 les

335 1816 499 1895 richesses,
519 1828 587 1878 sont
602 1814 721 1899 pleines
731 1815 769 1876 de
781 1814 935 1897 principes
946 1816 1026 1876 etde
1037 1816 1352 1881 detailsinteressans.
1366 1818 1411 1881 En

335 1924 415 1987 voici
429 1922 651 2007 quelques-uns
666 1919 723 1983 tels
741 1919 815 2001 qn’il
830 1940 864 1983 se
880 1927 1056 2005 presentent
1070 1926 1090 1985 l
1108 1944 1161 1985 tna
1178 1926 1342 1988 memoire.

376 2030 422 2095 Le
436 2031 546 2093 solsire
562 2028 633 2092 d’nn
647 2041 752 2091 actenr
764 2023 836 2092 odit
848 2030 887 2090 de
901 2028 974 2109 cinq
987 2048 1125 2092 mesnres
1136 2032 1176 2094 de
1190 2032 1328 2097 lromcnt
1338 2048 1366 2097 et
1376 2038 1410 2096 de

335 2141 405 2221 cinq
421 2137 551 2201 deniers.
572 2133 662 2200 Celni
678 2136 729 2217 qni
744 2136 834 2199 discit
847 2137 867 2197 l
879 2134 1021 2201 Mdnelts
1043 2161 1051 2199 ι
1072 2164 1086 2193 ι
1103 2135 1138 2200 Si
1152 2152 1187 2199 tn
1202 2158 1243 2201 ne
1259 2155 1355 2203 resta
1375 2166 1409 2203 en

336 2272 355 2303 o
370 2262 482 2329 topos,
500 2256 534 2305 to
546 2243 664 2327 perires
675 2243 713 2305 de
728 2260 779 2305 cna
793 2242 919 2305 notin...
934 2266 948 2297 ι
965 2258 1014 2307 cet
1028 2258 1115 2307 antee
1127 2246 1181 2326 qui
1200 2246 1330 2309 debitait
1342 2271 1411 2311 avec

335 2350 480 2438 emphose
501 2372 552 2415 ces
573 2370 664 2413 vers:
683 2378 697 2404 u
713 2348 756 2412 de
778 2351 961 2413 commande
983 2352 1060 2413 dens
1078 2350 1203 2434 Argos,
1225 2351 1339 2437 Pelops
1353 2358 1411 2419 m'a

336 2483 352 2516 s
369 2459 459 2521 loisse
472 2478 513 2520 nn
529 2468 613 2521 vaste
623 2456 797 2540 empireo·
813 2456 924 2520 dtsient
932 2460 1055 2541 paydsl
1066 2470 1131 2519 tent
1142 2460 1292 2542 psrjour,
1305 2474 1336 2522 et
1344 2483 1411 2524 con

333 2566 455 2630 elicient
465 2566 540 2627 dens
550 2582 589 2625 cn
604 2563 734 2647 grenier.
745 2559 912 2627 (hument
920 2563 1067 2627 conciliet
1080 2584 1132 2627 nes
1145 2564 1217 2627 loits
1227 2586 1304 2629 avec
1313 2567 1344 2628 lo
1353 2568 1412 2628 lor-

331 2686 403 2735 tnne
415 2672 563 2734 immense
574 2682 606 2731 et
617 2668 647 2730 lt
656 2670 734 2751 juste
745 2665 968 2731 consideration
978 2672 1052 2733 dont
1061 2671 1250 2753 jonlssoitun
1261 2672 1411 2751 Roscius,

331 2792 363 2844 et
377 2779 509 2843 d'sntres
526 2776 722 2841 coenddiensl
738 2796 792 2840 cor
806 2774 948 2859 seneque
968 2798 1007 2841 ne
1024 2778 1133 2843 laistei
1153 2802 1273 2844 amnne
1288 2783 1411 2847 distinc·

330 2890 395 2951 tion
411 2888 481 2949 d'nn
498 2884 560 2947 bon
582 2898 614 2947 et
627 2885 699 2946 d'un
721 2885 991 2961 montcontour,
1006 2887 1137 2971 etpsrle
1153 2890 1362 2953 dtidemment
1374 2894 1411 2954 de

331 3018 406 3061 ceux
420 2995 471 3078 qni
485 2992 622 3077 ‘jouaient
632 2990 683 3056 les
696 2993 848 3077 premiere
862 2990 955 3057 rdles.
968 2991 1031 3058 Ces
1045 2995 1188 3059 hommes
1202 3018 1291 3061 cares
1300 3002 1412 3061 etaient

330 3112 564 3187 apparemment
578 3099 710 3193 enrichic
726 3118 784 3183 por
803 3099 850 3163 les
871 3100 1088 3184 notificatione
1103 3104 1159 3166 des
1175 3102 1340 3189 Scipione,
1358 3109 1412 3168 des

329 3208 460 3287 lelius,
479 3209 530 3291 qni
552 3208 598 3269 les
621 3206 816 3269 ndmettsient
836 3206 939 3271 dlenr
958 3208 1065 3286 telle,
1087 3212 1187 3292 etqui
1203 3214 1342 3277 savaient
1353 3236 1412 3299 ap—

329 3318 449 3402 pretior
465 3314 582 3377 l'ntilitd
599 3316 637 3377 de
650 3314 733 3376 leurs
748 3314 855 3377 tolens.

285 3472 294 3487 .
369 3422 447 3487 Sans
460 3420 602 3504 seneque
616 3432 646 3484 et
660 3418 806 3498 maniat,
825 3420 968 3485 oomlsicn
983 3426 1022 3486 de
1036 3438 1137 3503 moto,
1154 3429 1194 3489 de
1209 3430 1300 3491 traits
1313 3429 1411 3493 lt'nto-

328 3534 449 3615 riqnes,
466 3528 679 3605 donecdone,
695 3524 851 3612 donges,
870 3548 948 3592 nous
964 3531 1088 3595 mione
1104 3534 1247 3617 ignordcl

369 3638 415 3701 La
432 3636 613 3701 consumite
628 3637 666 3697 de
682 3652 740 3697 nos
755 3654 870 3699 moenrs
891 3649 923 3697 et
943 3637 983 3699 de
1003 3638 1097 3701 colles
1118 3643 1158 3703 de
1180 3664 1238 3704 son
1260 3658 1342 3708 tems
1365 3660 1412 3707 est

328 3744 518 3830 quelqnelois
529 3744 554 3807 si
570 3740 755 3825 singulidre,
770 3742 864 3823 qn’on
876 3742 995 3808 retient
1006 3747 1045 3807 de
1060 3746 1091 3807 la
1101 3750 1274 3813 trcdnotion
1288 3755 1309 3814 ὲ
1321 3751 1413 3814 l'ori-

328 3852 429 3939 ginal,
443 3868 522 3935 poor
535 3846 599 3911 s'en
614 3868 745 3910 assurec-
763 3876 778 3902 α
793 3847 836 3910 Jc
848 3848 991 3913 voudrais
1006 3851 1094 3931 bien,
1116 3855 1217 3933 nisit,
1231 3878 1292 3940 qne
1307 3856 1413 3921 Coton

331 3986 346 4016 ι
366 3957 539 4022 rencontrlt
551 3974 593 4017 nn
605 3957 643 4018 de
654 3975 710 4017 nos
722 3955 865 4038 dldgm,
877 3959 1007 4039 precede
1022 3960 1060 4021 de
1069 3982 1119 4023 ces
1129 3984 1299 4043 eoncenrs,
1313 3970 1353 4029 de
1363 3990 1415 4029 ses

331 4094 345 4123 ι
362 4064 540 4152 postillons‚
558 4064 595 4125 de
606 4082 655 4124 ses
666 4064 793 4143 nigros,
806 4074 876 4124 tons
888 4064 1073 4149 enveloppes
1081 4069 1197 4131 donsle
1206 4072 1311 4133 mem
1322 4086 1414 4134 tour-

327 4198 346 4235 n
363 4174 459 4237 billon
475 4175 513 4234 de
528 4172 684 4255 poossiere
686 4212 753 4232 .....
768 4195 783 4224 s
800 4166 884 4248 (Let
898 4177 1056 4253 nxxxvu.)
1069 4172 1122 4237 On
1138 4196 1172 4238 se
1183 4179 1313 4241 croit-ait
1324 4202 1416 4263 pres-

327 4302 386 4363 que
401 4300 453 4343 cnt·
468 4279 497 4340 ln
514 4288 603 4339 conte
615 4278 655 4338 de
669 4276 856 4363 Versoilless
