2975 4992
219 386 224 397 '
282 388 344 455 136
563 392 603 457 L.
628 389 810 458 ANNAEI
833 388 1056 459 SENECAE

271 542 399 613 eorpus
415 535 449 588 et
466 520 540 587 sine
559 512 784 617 moru‘glaxeut
800 516 842 605 ’,ξ
852 537 887 589 et
907 522 1050 614 tempori
1067 533 1230 613 pareunt,
1250 516 1352 609 eujus

275 634 448 727 praecipua
467 634 552 701 ratio
565 628 724 702 hdbenda
740 649 803 701 est.
823 634 952 703 Cursus
961 684 972 718 ,
989 650 1025 703 et
1042 656 1117 701 cum
1134 630 1250 723 aliquo
1263 652 1355 723 pon-

276 748 382 818 dore²
404 774 523 820 manus
541 766 658 834 motae,
680 765 716 819 et
734 749 861 834 saltus,
880 750 934 820 vel
952 750 1010 819 ille
1028 753 1088 843 qui
1103 772 1228 843 corpus
1244 749 1283 815 in
1297 744 1356 815 nl·

277 881 348 935 tum
362 866 471 949 levat,
492 866 546 935 vel
563 866 622 937 ille
635 868 694 961 qui
712 869 750 936 iu
764 866 904 961 longum
918 868 1042 950 mittit,
1061 868 1117 937 rel
1142 867 1222 950 ille,
1248 880 1287 932 ut
1302 865 1357 931 ita

276 983 410 1065 dicam,
433 978 600 1066 saliaris3,
624 1000 702 1064 aut,
726 999 766 1052 ut
785 978 1082 1053 oontumeliosins⁴
1101 982 1230 1062 dionm,
1249 980 1358 1049 fullo-

277 1102 369 1169 nius.
391 1099 496 1192 Quod
513 1100 599 1168 libet
615 1124 658 1169 ex
676 1101 731 1169 his
752 1100 862 1195 elige,
878 1124 943 1169 usu
959 1101 999 1169 lit
1019 1091 1151 1169 lucile⁵.
1167 1093 1357 1190 Quidquid

279 1215 404 1299 facies,
433 1215 499 1297 cito
517 1213 591 1282 redi
618 1240 640 1283 a
657 1238 799 1309 corpore
822 1212 867 1282 ud
885 1216 1058 1301 animum,
1076 1214 1173 1283 illum
1194 1212 1356 1281 noctibus

239 1338 254 1388 5
277 1356 319 1401 ao
335 1331 459 1413 diebus
475 1355 620 1417 exerce,
639 1331 756 1401 labore
775 1331 907 1401 modioo
924 1332 1030 1400 alitur
1047 1332 1118 1399 ille.
1135 1334 1233 1401 Hunc
1253 1352 1357 1397 exer-

279 1450 474 1519 citationem
493 1472 562 1516 non
579 1447 706 1541 frigus,
728 1473 799 1517 nou
816 1464 917 1517 aestus
932 1445 1121 1542 impediet,
1138 1470 1183 1515 ue
1197 1462 1360 1514 senectus

280 1564 432 1657 quidem.
448 1562 489 1638 Id
507 1564 632 1637 bonum
652 1587 757 1647 cura,
780 1564 871 1657 quod
889 1579 1057 1632 vetustate
1077 1563 1118 1631 lit
1133 1561 1267 1629 melius.
1284 1562 1360 1626 Ne·

282 1706 349 1773 que
363 1704 428 1773 ego
447 1668 483 1747 te
504 1678 609 1771 jubeo
628 1702 763 1773 semper
778 1680 954 1747 imminere
973 1679 1084 1765 libro,
1099 1693 1159 1746 aut
1171 1675 1359 1770 pugillari-

282 1798 346 1864 bus
363 1823 370 1861 :
388 1793 536 1865 dandum
550 1786 619 1863 est⁶
634 1793 775 1886 aliquod
794 1794 1011 1863 intervallum
1024 1795 1139 1862 auimo
1152 1820 1163 1880 3
1178 1794 1226 1860 ita
1238 1808 1358 1859 tamen

282 1928 407 1980 utnon
426 1912 640 1993 resolvatur,
665 1908 726 1979 sed
743 1912 948 1980 remittatur.
976 1912 1149 1979 Gestatio⁷
1175 1925 1211 1976 et
1231 1930 1360 2001 corpus

282 2030 457 2111 concutit,
479 2044 514 2096 et
528 2028 639 2096 studio
653 2050 725 2095 non
740 2027 847 2096 officit
864 2007 996 2121 :possis
1014 2027 1152 2121 legere,
1170 2026 1279 2120 possis
1299 2023 1368 2093 di-

286 2169 401 2238 ctare,
420 2152 528 2246 possis
545 2150 639 2243 loqui
653 2149 793 2244 ,spumis
808 2150 948 2235 audire,
965 2174 1110 2241 quorum
1129 2146 1218 2217 nihil
1231 2172 1275 2215 ne
1288 2172 1369 2215 am·

288 2338 422 2392 vellicantis
436 2352 460 2391 et
470 2339 582 2392 rodente.
594 2336 680 2393 celsus
691 2338 743 2399 lll,
760 2356 797 2409 ¹9·
847 2350 871 2390 et
889 2336 1079 2390 consiliantium
1100 2340 1110 2401 (
1119 2336 1301 2402 ιιλικιζὸντυν).
1318 2333 1366 2387 Cl'·

262 2439 272 2460 ε
287 2417 413 2471 Trallisn.
422 2417 489 2483 Vll,
503 2438 525 2469 s.
535 2416 626 2469 Ruth
846 2417 899 2469 Jos.
920 2417 1042 2487 Scaliger.
1060 2416 1092 2469 ad
1109 2417 1218 2468 Varron.
1234 2412 1267 2465 de
1280 2411 1372 2483 Liug.

325 2516 346 2548 r.
363 2495 427 2549 Sine
452 2497 651 2559 momJIooeent.
676 2492 720 2545 sie
740 2492 798 2544 edd.
844 2493 1127 2568 hr.1ib.v.N0u.p.
1148 2494 1215 2559 137,
1235 2492 1280 2545 138
1300 2490 1368 2563 Bip.

289 2593 378 2635 ornnes
388 2571 449 2625 inde
461 2571 493 2623 ab
507 2572 545 2631 ed,
558 2572 631 2623 Rom.
644 2583 667 2621 et
678 2569 738 2622 ferri
751 2570 799 2623 lroe
846 2571 890 2625 ubi
903 2585 928 2624 et
942 2572 1021 2629 nostri
1035 2572 1085 2625 loci
1097 2590 1198 2624 memor
1209 2569 1274 2623 suit:
1285 2568 1372 2623 addas

288 2664 425 2719 utcumque
448 2650 542 2724 possit;
565 2648 608 2700 sed
630 2648 698 2700 lraud
722 2646 799 2700 dubis
846 2649 930 2703 Plauti
944 2649 1064 2702 Pseudol.
1074 2649 1130 2714 ΙΙΙ,
1145 2669 1169 2712 r,
1183 2650 1221 2700 15.
1231 2646 1330 2699 Ruth.

289 2728 596 2801 prael'erendumlatsent,
609 2724 746 2797 quodcum
759 2723 800 2777 ed.
880 2729 904 2793 4.
936 2727 1151 2781 contumeliosius
1178 2738 1280 2799 propter
1301 2743 1374 2777 cou-

289 2808 324 2859 Α.
336 2819 478 2880 agnoscunt
487 2806 558 2858 mssli
565 2804 645 2856 nostri
655 2805 679 2855 d.
690 2824 710 2857 c.
721 2803 800 2856 etalii
843 2801 969 2878 temptum
976 2802 1141 2859 artificiorum
1148 2823 1206 2875 quar
1214 2802 1371 2865 illiberalia,

289 2897 387 2937 tantum
399 2904 453 2937 uon
464 2903 561 2944 omnes.
572 2884 670 2957 Nempe
681 2884 801 2934 lassatur
848 2885 947 2938 sordida
955 2924 963 2951 ,
971 2888 1026 2954 lpysr
1034 2885 1155 2951 βᾶνανσα,
1165 2883 1289 2950 damula
1301 2920 1310 2947 ,
1320 2900 1372 2933 vo·

289 2982 380 3035 corpus
401 2961 590 3024 exercitations;
609 2964 724 3013 laxatur
738 2958 801 3011 bal-
847 2961 975 3015 cabantur.
994 2960 1033 3014 cf.
1051 2960 1106 3014 Cic.
1124 2962 1156 3014 de
1179 2957 1256 3011 offic.
1275 2959 1309 3024 1,
1333 2957 1370 3022 4²

289 3060 348 3093 ueo.
356 3035 801 3113 contupxcrAEctm-Jamdize·
849 3038 935 3111 ibique
947 3040 1039 3094 (tam.
1049 3040 1140 3095 notk.

290 3131 328 3181 rat
338 3138 412 3191 supra
423 3118 454 3188 (S
466 3121 497 3187 a)
506 3119 597 3169 auimo
608 3119 691 3168 torum
701 3117 781 3166 laxo.
881 3121 904 3171 5.
926 3118 1126 3191 Usufitfocr'le.
1148 3118 1192 3173 sie
1209 3116 1289 3191 vulgo
1302 3116 1369 3171 edd.

322 3218 346 3249 2.
364 3196 491 3249 Pondere.
502 3193 617 3249 Halteres
627 3196 800 3262 (clinipulum
847 3214 906 3249 eum
918 3216 965 3249 ms.
979 3196 1044 3247 Par.
1062 3202 1089 3248 d.
1106 3208 1130 3249 et
1141 3195 1197 3249 Col.
1210 3208 1234 3248 et
1248 3193 1302 3248 Pal.
1313 3215 1371 3249 see.

227 3282 230 3287 ¹
287 3274 410 3327 saltantur
435 3272 490 3327 llaec
515 3272 626 3346 ponderi
650 3270 800 3342 plerumque
846 3274 898 3328 Sed
910 3294 989 3328 usum
997 3271 1369 3344 mdesacr‘leAoehaelPar.

289 3352 421 3425 plumbea,
434 3371 492 3422 quae
499 3350 617 3404 monibus
629 3361 742 3401 tenentes
751 3346 800 3399 sal·
847 3355 872 3406 b,
885 3374 964 3406 mum
975 3352 1183 3421 rudemsacilm
1196 3354 1237 3405 ed.
1254 3355 1290 3406 A.
1304 3373 1368 3405 eum

288 3430 382 3483 tabant.
392 3430 454 3481 Vid.
464 3430 544 3502 Epist.
555 3444 615 3496 tvi,
629 3446 651 3493 ι,
665 3438 689 3478 et
701 3426 799 3477 Marcu·
847 3454 893 3487 m„
902 3436 967 3502 Am.
978 3452 999 3484 c,
1013 3446 1036 3485 er
1047 3434 1106 3486 Par
1119 3453 1147 3484 a,
1157 3432 1233 3484 conf,
1243 3432 1367 3485 Pincia.

287 3508 343 3564 rial.
354 3510 386 3561 de
397 3520 449 3561 arlo
460 3524 548 3587 gymn.
560 3506 603 3572 ll,
619 3524 655 3558 tt·
671 3504 761 3557 errlt.
848 3524 872 3564 et
889 3512 952 3587 Ops.
971 3533 1000 3565 ae
1018 3512 1078 3564 vide
1095 3533 1127 3564 ne
1141 3511 1304 3585 proverbium
1317 3512 1368 3564 ali·

325 3588 350 3641 3.
367 3585 618 3657 satiaris....su110n.
627 3596 693 3636 recle
711 3582 751 3633 ed.
765 3580 797 3633 *Β
846 3591 916 3661 quod
926 3591 987 3644 olim
1000 3590 1028 3642 in
1045 3610 1092 3642 usu
1107 3589 1183 3641 luerit
1197 3589 1365 3660 hujusmodi,

289 3661 797 3718 Eranno.Salurarisetd.vetemus.
847 3689 897 3721 usu
913 3672 978 3722 rude
985 3671 1086 3742 facile,
1100 3669 1141 3721 vel
1151 3676 1208 3737 {usu
1220 3668 1365 3738 rudissa-

286 3741 601 3805 -Soliarr's,Saliorum,
613 3740 700 3792 Martis
709 3757 799 3791 aseer-
846 3748 912 3799 cilis.
926 3745 1006 3800 Scias.

287 3826 393 3889 dotum,
405 3820 450 3893 qui
463 3819 599 3890 quotannis
610 3818 687 3871 semel
700 3838 744 3891 per
756 3838 799 3869 ur·
880 3822 903 3877 6.
921 3824 1053 3877 Dandum
1071 3833 1118 3877 est.
1136 3822 1225 3895 Vulgo
1241 3825 1366 3877 dondsma

287 3902 345 3955 bem
364 3918 484 3974 pompam
510 3896 652 3949 ettaneilia
681 3895 798 3947 ducendo
847 3902 1052 3964 01‚invitismsa.
1063 3901 1146 3957 Sela

286 3979 476 4053 tripudiabant:
487 3972 577 4028 similis
596 3973 657 4027 huic
670 3971 798 4025 saltationi
882 4002 905 4047 7,
924 3982 1046 4033 Gestatio
1060 3977 1137 4032 fieb„
1147 3992 1191 4031 mr
1201 3978 1305 4045 lectio,
1319 3990 1365 4031 aur

285 4058 417 4111 videbatur
427 4067 510 4108 motus
527 4052 570 4105 ille
580 4051 707 4104 lullonum
720 4050 794 4102 vesti-
842 4074 956 4119 scamno,
968 4054 985 4107 i.
996 4074 1017 4106 e.
1025 4054 1103 4120 tella,
1113 4064 1158 4107 ant
1166 4052 1246 4107 rheda
1261 4052 1364 4107 essedo·

286 4150 386 4203 menta,
406 4150 464 4205 quae
484 4141 618 4203 eoguntur,
632 4126 793 4191 calcantium,
842 4153 873 4186 ve
884 4131 1023 4203 subjunctis
1035 4132 1110 4188 mulis
1121 4143 1166 4187 aut
1177 4122 1362 4205 equis,long'e
