2975 4992
291 396 360 483 4¹²4
576 399 617 465 L.
643 399 822 468 ANNAEI
846 398 1061 470 SENECAE

290 520 594 622 infringo-Hoc
606 545 677 611 eet,
696 531 834 622 inquis,
857 530 1101 615 nee'cslidum
1115 553 1181 601 neo
1193 520 1360 626 frigidum

290 642 362 733 pati
374 644 398 708 ¹.
412 679 462 695 -
472 642 525 710 Ita
541 656 612 725 est,
633 643 681 710 mi
697 644 809 713 Lucili
833 671 841 712 ι
854 646 927 738 jam
939 660 1020 714 aetss
1038 668 1113 714 mea
1131 660 1294 716 contente
1309 660 1361 714 est

249 791 264 823 η
290 780 352 828 suo
371 758 538 852 frigore²3
558 760 614 828 vix
637 759 750 829 media
766 761 938 856 regelatur
960 775 1086 830 aestste.
1105 764 1225 856 Itaque
1250 761 1361 854 major

289 899 368 970 pare
385 870 658 946 investimentis³
674 874 824 971 degitur.
841 877 916 972 Ago
930 879 1054 971 guntiae
1069 880 1250 964 senectuti,
1266 876 1362 971 quod

289 1017 343 1060 me
358 991 484 1062 lectulo
495 987 641 1062 affixit⁴.
657 992 791 1085 Quidni
812 993 937 1088 gratiss
948 993 999 1062 itti
1010 993 1077 1063 hoc
1085 996 1222 1065 nomine
1234 995 1362 1088 egam?

289 1107 459 1202 quidquid
473 1108 638 1181 debebam
651 1109 763 1194 nolle,
787 1134 855 1179 non
868 1133 1019 1205 possum.
1032 1110 1258 1183 Cumlibellis
1272 1111 1360 1180 mihi

289 1223 457 1318 plurimus
469 1249 581 1294 sermo
591 1241 656 1294 eet.
670 1224 856 1320 Siquando
869 1227 1100 1295 interveniunt
1109 1226 1261 1321 epistolae
1274 1243 1360 1312 tum,

289 1357 402 1411 tecum
414 1365 487 1410 esse
504 1342 589 1414 mihi
605 1343 752 1426 videor,
774 1358 809 1411 et
827 1343 876 1410 eie
891 1341 1024 1412 afficior
1040 1344 1172 1425 animo,
1194 1359 1363 1436 tanquam

289 1456 354 1525 tibi
370 1450 439 1525 non
456 1457 658 1542 rescribam,
678 1457 739 1527 sed
765 1456 997 1551 respondeum.
1016 1459 1135 1552 Itaque
1155 1475 1190 1528 et
1207 1458 1251 1527 de
1269 1459 1360 1542 hoo,

289 1573 382 1668 quod
406 1577 560 1666 queris,
591 1577 688 1674 quusi
713 1575 888 1670 colloquar
915 1591 1045 1661 tecum,
1073 1577 1174 1671 quale
1198 1578 1260 1660 sit,
1286 1601 1364 1646 uns

290 1677 530 1763 serutabimur.

248 1821 266 1874 3
338 1809 473 1902 Qumris
483 1803 520 1896 ⁵,
540 1811 601 1878 An
622 1835 719 1878 omne
737 1812 860 1905 bonum
880 1813 1024 1904 optabile
1040 1813 1111 1880 sit?
1135 1837 1151 1877 r
1171 1813 1206 1882 Si
1228 1811 1364 1880 bonum

290 1941 357 2010 eet,
379 1927 512 2019 inquis,
540 1928 672 1997 fortiter
690 1931 863 2021 torqueri,
889 1945 924 1998 et
944 1911 1066 2022 magno
1087 1929 1201 1997 animo
1222 1930 1296 2013 uri,
1324 1945 1364 1998 et

289 2043 460 2137 patienter
474 2058 658 2136 egrotare,
676 2045 832 2137 sequitur
849 2061 888 2138 ut
903 2046 968 2113 ista
982 2045 1143 2139 optabilis
1156 2046 1224 2114 sint
1240 2069 1248 2111 ε
1268 2044 1365 2112 nihil

289 2169 402 2224 autem
419 2153 520 2224 video
532 2179 573 2223 ex
589 2155 662 2224 istis
679 2173 757 2225 voto
773 2154 929 2252 dignum.
944 2160 1122 2227 Neminem
1139 2173 1230 2228 certe
1243 2157 1366 2226 adhuc

290 2389 367 2445 opere
385 2389 443 2444 peg.
459 2390 492 2441 9,
513 2371 740 2424 commendarent.
760 2371 800 2424 De
850 2373 877 2427 di
895 2391 978 2426 oense.
990 2373 1099 2447 Egregie
1111 2392 1169 2426 neus
1182 2383 1217 2425 est
1228 2383 1283 2446 post
1293 2371 1365 2426 Mn-

289 2468 317 2501 re
328 2447 380 2520 ipse
391 2449 487 2501 confer.
499 2448 562 2521 Epp.
572 2465 641 2514 eru,
654 2459 679 2500 et
688 2463 800 2502 exunt.
848 2461 930 2501 retum
944 2449 992 2502 hoe
1004 2450 1061 2502 loeo
1076 2447 1205 2502 Bentleins
1221 2449 1254 2501 ed
1265 2447 1363 2500 floret.

291 2525 372 2580 Satn.
850 2525 992 2590 meent,
1004 2526 1036 2578 80
1046 2565 1053 2593 ‚
1065 2526 1094 2578 81
1107 2543 1114 2578 t
1128 2524 1366 2579 «neritonensis

325 2619 346 2653 r.
356 2602 420 2657 'Hoc
429 2613 469 2656 est
476 2641 484 2670 ,
496 2604 598 2677 inpuris,
610 2621 654 2659 rtet
662 2604 798 2666 calisium,
848 2613 972 2656 tentatum
977 2602 1072 2676 frigore
1079 2622 1179 2677 eorpus,
1187 2606 1238 2655 Ant
1243 2601 1310 2655 elius
1317 2620 1364 2656 ee·

289 2682 468 2754 necsrr'ge'dum
478 2688 544 2751 pati.
557 2681 698 2752 Lagmnge
709 2682 782 2735 vertit
794 2699 801 2734 r
848 2681 960 2736 tueleeto
968 2681 1079 2736 teeffixit
1090 2705 1104 2730 s
1114 2719 1122 2748 ,
1131 2683 1164 2736 ed
1175 2681 1308 2736 lectionem
1318 2702 1364 2756 ep.

293 2763 360 2816 Oesr
375 2765 428 2818 lire
439 2771 497 2830 trop
499 2761 608 2833 sudeus
619 2797 626 2826 ‚
637 2763 799 2815 dim-eous.
849 2758 1073 2831 Horetvulgetem
1085 2759 1280 2814 defendendam.
1288 2758 1365 2811 Ii·-

290 2838 569 2897 videturnecmlrttmn
578 2840 800 2914 expunxisse,pro·
848 2837 952 2890 beruto
963 2837 1132 2892 lucubretorio
1145 2874 1153 2903 ,
1166 2858 1220 2892 nen
1232 2837 1366 2894 dormito·

289 2919 356 2970 t'eeto
367 2929 396 2970 nt
406 2937 493 2971 sensus
503 2919 652 2972 conveniret
664 2938 723 2971 eum
734 2937 800 2992 prer-
848 2915 886 2968 rio
899 2933 907 2967 t
922 2935 984 2968 nem
1000 2929 1024 2968 et
1038 2916 1085 2970 hos
1101 2928 1196 2971 veteres
1213 2915 1364 2971 hebebentt

290 2992 391 3048 cedenti
409 2994 525 3049 versione
541 3013 548 3048 ε
564 3015 625 3050 nem
642 2996 717 3048 vertit
727 3014 801 3069 snpra
849 3007 923 3067 etque
930 2995 1136 3069 hominesquieti
1147 3010 1190 3050 eut
1197 2996 1285 3050 litteris
1296 3016 1365 3070 ope·

291 3072 362 3142 queri
373 3071 500 3126 habuisset
500 3073 604 3145 frigido
611 3078 668 3126 aeri
673 3074 802 3127 :Jen'ose
849 3074 915 3139 reti,
927 3076 978 3128 iere
996 3094 1094 3150 semper
1102 3077 1132 3129 in
1141 3075 1215 3130 lecte.
1226 3075 1364 3128 iuvenalis

291 3151 470 3221 m’eoepeserd
480 3153 557 3218 retr,
563 3155 591 3219 je
600 3153 804 3206 m’ermernwre
853 3153 883 3206 de
897 3152 928 3208 its
941 3171 948 3204 r
963 3175 977 3201 e
988 3154 1034 3206 Est
1049 3171 1129 3227 genus
1141 3153 1264 3224 ignavum
1275 3151 1365 3224 ,qnod

291 3237 378 3280 contre
388 3229 499 3298 Iesror'd.
850 3231 916 3284 lecto
926 3230 1019 3305 geodet
1029 3243 1054 3284 et
1063 3229 1159 3283 umbre.
1171 3249 1185 3277 s
1198 3229 1298 3283 Seuere
1313 3229 1365 3304 Ep.

327 3327 350 3360 e.
357 3307 426 3361 Jom
439 3317 504 3360 oetas
514 3325 574 3362 mea
583 3317 699 3360 metreta
706 3319 746 3361 est
756 3326 803 3360 suo
851 3320 934 3358 mu.
944 3328 958 3354 α
966 3307 1238 3376 Quedemeunt,quer
1245 3305 1327 3380 possis
1338 3317 1366 3357 et

283 3383 657 3459 frigorerlr.e.frigns,quod
665 3385 731 3440 euti
739 3405 803 3440 rneae
851 3382 1216 3458 insuloseribere‚qundem
1230 3383 1365 3437 leetnmet
1421 3447 1428 3464 ·

292 3463 423 3537 proprium
440 3475 494 3529 eet,
512 3461 582 3536 eogit
598 3482 656 3516 eern
672 3463 721 3517 eibi
738 3461 803 3516 fines
851 3461 931 3514 otium
944 3459 1095 3513 desiderent.
1110 3481 1125 3507 r

293 3543 462 3604 constituere,
482 3555 548 3594 extra
562 3561 625 3612 quos
643 3541 730 3615 egredi
748 3561 802 3596 non
884 3541 908 3592 5.
925 3537 1275 3610 Quoen's....longiorsectut.
1285 3537 1364 3591 Hune

294 3621 425 3674 debetSic
434 3621 597 3674 eontinentur
605 3620 649 3672 i.e.
657 3633 802 3696 temperen-
851 3615 1065 3690 propositionem,'
1077 3635 1096 3668 s.
1106 3617 1201 3670 soriten
1217 3632 1224 3668 :
1238 3615 1363 3682 (Bonum

294 3716 352 3770 tur,
364 3714 487 3773 reguntur
498 3701 644 3773 cupiditates
658 3714 703 3753 etr.
722 3700 758 3753 R.
768 3727 802 3742 -
850 3713 926 3747 omne
942 3715 994 3752 esse
1012 3693 1137 3767 optabile,
1155 3693 1263 3765 ideoque
1281 3713 1365 3767 erpe-

294 3780 388 3833 Metius
399 3779 565 3853 interpreteris
576 3796 582 3830 :
593 3798 673 3848 quum
681 3777 731 3846 jam
740 3797 801 3831 ror·
849 3773 967 3834 tendum,
978 3785 1002 3824 et
1011 3770 1138 3833 leudebile
1150 3789 1157 3825 t
1167 3769 1294 3824 leudebile
1308 3791 1365 3824 eu-

294 3857 800 3934 pnsperaetetemfrigidnmsitrepugnet
849 3865 900 3904 tem
919 3871 994 3904 omne
1014 3851 1161 3916 honestum
1182 3850 1261 3922 igitur
1283 3869 1363 3904 omne

294 3959 335 3991 me
357 3939 513 3991 committere
531 3936 615 3990 elieno
635 3936 725 4008 frigori
747 3940 801 4004 (se.
850 3931 947 3983 bonum
959 3969 966 3993 ,
980 3929 1144 3996 honestum),
1155 3949 1171 3981 e
1187 3926 1326 3980 Pletonieis
1339 3939 1365 3981 et

295 4036 367 4086 squae
381 4017 481 4089 frigide
492 4018 512 4084 ).
851 4011 1021 4085 Peripeteticis
1031 4009 1151 4064 ecerrime
1163 4026 1214 4060 esse
1222 4007 1364 4081 impugne-

328 4094 352 4145 3.
370 4097 550 4160 Vestimentr'r,
564 4093 582 4145 i.
596 4114 618 4145 e.
630 4091 703 4144 lecto.
850 4101 1029 4156 tem,eonstst.
1036 4089 1104 4143 Vide
1111 4087 1189 4142 modo
1198 4087 1253 4139 Cie.
1261 4086 1364 4140 deria.

328 4173 352 4239 4.
362 4170 443 4242 Quod
448 4189 489 4225 me
499 4174 591 4226 lectolo
601 4167 802 4242 affixitstnden·
853 4169 904 4235 lv,
920 4169 1040 4223 18·Reete
1048 4165 1182 4238 respondet
1194 4165 1286 4224 Noster
1299 4163 1363 4222 sbo-
