2975 4992
330 387 369 432 10
635 363 676 430 F.
702 361 743 430 E.
770 358 1078 434 RUHKOPFII

199 593 202 603 ι
323 502 518 588 Mogontina,
534 501 628 566 animi
639 516 670 565 et
683 523 794 587 tugeuu
806 504 965 567 virtutibus
986 506 1034 568 vir
1046 505 1171 589 insignis
1182 518 1204 582 ⁸,
1221 505 1335 568 eximia
1349 508 1405 568 do·

202 608 204 616 ’
323 609 419 674 ctrina
428 605 585 674 et'summo
596 611 693 674 studio
705 613 735 672 id
742 626 879 695 egerunt,
887 601 1075 676 utheilimn
1080 613 1245 676 Juniorem
1250 615 1405 697 poematis

323 716 412 778 AEtno
427 717 562 800 inscripti
576 730 607 779 et
623 713 770 780 Cornelio
786 715 902 782 Severo
918 719 1012 781 tribui
1035 719 1134 793 soliti,
1160 733 1319 782 auctorem
1335 741 1403 782 esse

323 825 574 886 demonstrarent.

329 971 332 976 -
362 927 550 1012 Argumenta
571 928 679 1010 quidm
702 943 829 1011 uterque
846 951 918 992 usus
934 943 981 993 est
1001 934 1040 995 ad
1057 953 1170 1021 poema
1192 931 1268 994 illud
1281 929 1405 996 Lucilio

321 1035 446 1098 Juniori
463 1035 690 1110 vindicandum,
708 1036 863 1121 ingeniose
877 1038 1000 1119 quidem
1010 1039 1132 1100 inventa
1143 1053 1173 1102 et
1186 1038 1344 1121 eleganter
1353 1061 1406 1102 ex·

320 1143 420 1228 posita
431 1139 509 1217 ridi,
523 1142 599 1204 utri
612 1163 665 1204 sua
676 1163 737 1204 nou
753 1143 950 1206 destituantur
963 1146 1003 1206 ad
1016 1145 1259 1228 persuadendum
1272 1144 1402 1208 lectori:

323 1250 377 1311 sed
393 1249 419 1311 si
437 1249 566 1311 curatius
591 1269 657 1311 rem
678 1249 861 1332 inspexeris,
888 1250 987 1312 omnis
1003 1250 1057 1312 illa
1074 1251 1210 1313 assensio
1230 1272 1344 1314 vereor
1364 1271 1405 1313 ue

322 1356 426 1419 animo
441 1354 587 1418 elabatur.
605 1353 676 1417 Hoc
688 1367 805 1418 tanturn
820 1355 892 1418 inde
912 1369 996 1419 certo
1020 1357 1104 1438 sequi
1119 1357 1196 1420 ntilti
1210 1360 1403 1441 persuadeo,

323 1457 503 1526 Cornelium
513 1460 662 1525 Severum
674 1462 725 1545 huj
730 1483 764 1526 us
774 1463 919 1547 poematii
929 1475 1085 1526 auctorem
1095 1486 1162 1527 esse
1174 1485 1237 1526 uon
1245 1465 1383 1548 potuisse
1394 1489 1403 1526 ε

323 1569 377 1632 sed
392 1589 432 1632 an
445 1565 580 1632 Itucilius
590 1567 704 1631 dunior
718 1569 783 1650 ejus
799 1582 906 1633 auctor
918 1569 971 1643 sit,
989 1569 1139 1634 incertum
1154 1592 1297 1649 manere,
1308 1593 1406 1655 quan

323 1697 416 1758 quum
431 1672 584 1752 Lucilius,
603 1675 628 1737 si
642 1687 743 1738 tamen
760 1689 916 1738 auctorem
936 1689 1054 1738 certum
1070 1697 1222 1764 anonymo
1237 1677 1405 1762 praeferas,

324 1782 350 1844 is
364 1783 490 1845 sortasse
510 1783 564 1857 sit,
581 1781 629 1846 cui
646 1782 746 1864 aliqua
762 1782 1022 1846 verisimilitudine
1040 1784 1115 1846 illud
1135 1787 1332 1868 conjectando
1351 1787 1407 1848 tri·

323 1889 418 1952 bnere
430 1891 538 1974 possis.
549 1887 717 1953 Enimvero
729 1911 765 1952 ex
777 1891 1035 1975 argumentisque
1046 1912 1063 1953 a
1074 1889 1406 1956 Wemsdorliolusins

323 1998 459 2081 exposita
474 2011 559 2075 sunt,
575 1998 635 2061 hoc
653 1998 788 2059 nondum
805 1997 941 2059 efficitur.

364 2104 462 2167 Totus
477 2119 578 2168 autem
591 2107 683 2168 cardo
701 2105 969 2188 argumentationis
985 2105 1017 2167 in
1033 2103 1157 2169 Senecas
1170 2104 1231 2189 Ep.
1244 2121 1344 2167 nxxtx
1360 2106 1409 2166 in-

325 2211 461 2284 vertitur,
477 2213 555 2275 tmde
571 2211 723 2288 videmus,
739 2208 892 2274 Lucilium
906 2213 969 2294 jum
982 2213 1035 2275 diu
1047 2213 1282 2296 descriptionem
1299 2209 1409 2274 AEtuae

323 2339 457 2402 parasse.
477 2317 634 2382 Sedenim
650 2318 787 2402 cupidius
802 2319 881 2403 justo
892 2319 962 2382 inde
975 2320 1205 2404 colligeremus,
1220 2338 1294 2404 ergo
1308 2320 1412 2382 consi-

324 2425 398 2488 lium
414 2423 494 2488 titud
507 2427 599 2490 etiam
615 2425 786 2489 conlectum
800 2446 875 2490 esse.
893 2425 1042 2490 Senecam
1059 2441 1160 2489 autern
1175 2426 1218 2488 ibi
1235 2428 1274 2488 de
1284 2427 1407 2508 majore

324 2533 459 2594 camnine
476 2531 633 2614 loquutum
644 2551 726 2605 esse,
743 2531 844 2614 qualia
859 2545 927 2594 suut
938 2532 1063 2616 Virgilii
1073 2529 1202 2608 AEueis,
1216 2530 1323 2594 Ovidii
1333 2528 1407 2593 Me-

323 2627 548 2721 tamorphoses,
562 2651 592 2700 et
603 2634 741 2701 Cornelii
754 2635 862 2700 Sereni
876 2659 950 2721 epos
962 2659 1042 2700 uuuc
1058 2639 1268 2722 deperditum,
1281 2635 1406 2698 Bellum

323 2743 460 2808 Siculum
479 2741 660 2821 (Octaviani
686 2765 758 2808 cum
782 2743 864 2807 Sext.
891 2743 1064 2828 Pompeio,
1089 2765 1156 2806 curu
1178 2741 1406 2824 Wemsdorfio
1432 2755 1437 2762 '

326 2851 346 2912 l.
363 2852 384 2912 l.
401 2874 432 2937 p.
450 2849 505 2922 26,
523 2849 618 2934 puto)
642 2853 838 2936 inscriptum,
863 2871 922 2914 uec
938 2851 1092 2935 singulare
1115 2871 1227 2933 poema
1244 2852 1282 2912 de
1302 2847 1406 2912 AEtna

325 2957 524 3034 intellexisse,
548 2957 642 3020 verba
667 2978 703 3019 ex
728 2953 790 3039 Ep.
812 2955 893 3019 land.
915 2958 1025 3020 docere
1046 2957 1195 3028 videntur,
1218 2957 1250 3018 iu
1267 2958 1405 3040 margine

325 3064 485 3148 apposita·.
501 3062 577 3124 Jam
594 3081 667 3124 vcro
685 3083 721 3124 ex
735 3061 820 3125 hisce
836 3060 939 3124 verbis
954 3061 1100 3144 colligere
1112 3075 1229 3124 tautum
1245 3062 1336 3137 licet,
1348 3060 1406 3125 Se·

314 3189 432 3233 'nesam
453 3168 581 3232 suasisse
604 3164 742 3243 Lucilio,
764 3179 797 3228 nt
820 3167 948 3250 episodii
962 3167 1033 3231 loco
1046 3165 1151 3229 ,Ἔπη
1166 3167 1406 3251 descriptionem

325 3273 452 3338 carmini
465 3279 504 3338 de
517 3273 620 3337 Sicilia
638 3293 661 3336 s
673 3269 929 3336 illemoraltilibus
948 3272 1058 3337 Sieiliae
1081 3275 1205 3336 inserat.
1217 3271 1253 3336 si
1265 3274 1349 3336 enim
1366 3277 1406 3336 de

325 3382 469 3464 singslari
489 3381 624 3446 carmine
648 3381 809 3465 cogitasset
831 3395 946 3454 noster,
970 3394 1052 3443 certe
1077 3382 1180 3444 dicere
1199 3401 1261 3442 non
1281 3384 1403 3464 potuit:

323 3491 464 3567 affingas,
488 3489 600 3572 qnippe
617 3507 677 3570 quo
695 3485 790 3549 rerlto
804 3486 940 3569 episodia
954 3497 985 3547 et
998 3485 1110 3548 similia
1127 3488 1279 3570 designari
1295 3487 1407 3550 solent.

321 3590 364 3654 At
384 3597 466 3658 euim
486 3609 567 3659 totus
586 3593 732 3679 poematii
747 3592 836 3675 hujus
854 3605 944 3654 teum
958 3605 989 3654 et
1004 3592 1186 3674 compositio
1199 3615 1351 3676 quemque
1363 3594 1409 3656 le-

353 3857 360 3882 ¹
378 3845 476 3902 Videas
489 3847 606 3918 Gottiug.
617 3845 667 3920 gel.
682 3845 743 3896 Anu.
758 3840 968 3904 auni1785,uu.
982 3839 1044 3905 148,
1054 3861 1079 3910 p-
1091 3841 1160 3912 ⁸479·

348 3934 361 3963 ²
373 3935 439 3992 Non
453 3950 610 4004 estonum,
627 3938 699 4007 qood
714 3938 796 3988 istam
812 3950 907 3986 cmm
927 3932 1039 3996 impotes
1053 3931 1120 3982 milti
1134 3950 1143 3983 :
1158 3932 1249 3984 morbo
1269 3935 1341 3984 enim
1361 3941 1410 3984 too

311 4023 521 4088 (metutam
536 4030 652 4106 poetico)
670 4030 782 4082 dutum
795 4044 857 4078 eros
875 4025 982 4077 etiamst
995 4039 1071 4076 naun
1085 4023 1227 4075 mundaret
1242 4023 1291 4076 lidi
1299 4059 1310 4086 ,
1327 4024 1410 4076 dorne

306 4113 444 4176 ‘fflssflm
454 4126 587 4182 describas
599 4127 627 4178 in
638 4132 683 4176 too
693 4121 808 4175 cormaiot
817 4157 826 4182 ,
836 4128 861 4171 st
871 4116 939 4170 dunc
948 4117 1087 4168 sulmonem
1096 4113 1216 4166 omuibus
1224 4117 1307 4180 poetis
1319 4115 1411 4168 ἱαωη

306 4209 450 4282 ssadum&
