2975 4992
270 440 335 506 sos
480 440 484 449 '
566 442 607 509 L.
634 442 812 512 stiur-:1
835 442 1053 513 813chAE
1070 432 1075 438 ’

268 569 445 663 implicare
462 596 531 641 non
546 588 681 666 oportet
699 600 707 643 :
726 598 792 644 nec
808 576 900 645 enim
918 574 1108 670 quidquam
1124 576 1237 644 minus
1257 600 1347 645 con-

269 690 385 772 venit,
416 710 517 781 quam
545 689 687 760 subdola
707 693 770 761 ism
785 690 971 777 ealliditate,
998 694 1123 763 animis
1141 692 1347 762 cenantibus

271 828 406 898 magna.
423 805 518 875 Vale.

273 1030 1343 1065 Q

611 1192 936 1303 srrsrosi
967 1218 1015 1302 ι.

737 1448 871 1470 ..a-.-

305 1660 465 1711 PLBROSQUB
482 1659 534 1699 8οΔ
551 1660 627 1700 vim
643 1661 701 1700 iton
719 1661 825 1701 Vlllssltl
840 1669 847 1703 ξ
866 1663 933 1715 le
948 1664 974 1702 st
991 1662 1156 1714 VIMMM,
1174 1660 1314 1712 nunquit!

598 1760 781 1801 DESPRAKDA
797 1762 918 1803 mimo
935 1764 992 1803 m.

308 1900 392 1977 Negat
406 1900 458 1955 sibi
470 1922 532 1977 opus
544 1922 613 1971 esse,
626 1914 654 1955 nt
665 1901 697 1954 ab
715 1922 764 1964 so,
783 1903 829 1974 qni
844 1904 936 1957 Lucilii
954 1905 1087 1980 epistolem
1103 1904 1244 1978 prorutum
1255 1902 1354 1956 sbbiae

275 1984 369 2036 multos
378 2001 477 2035 menses
487 1982 606 2057 scriptam
622 1983 775 2046 tradiderat,
787 1998 882 2055 queret
893 2025 900 2053 ‚
913 1986 977 2056 quitl
990 1996 1067 2058 agat,
1083 2006 1163 2057 quum
1175 1984 1253 2060 probe
1268 1984 1354 2047 sciat,

276 2066 350 2119 illum
361 2065 534 2119 emendationi
546 2066 586 2120 sui
597 2068 712 2138 qnotidie
725 2068 889 2135 incumbere,
902 2088 985 2139 neque
997 2091 1013 2122 a
1030 2069 1115 2124 nimie
1125 2069 1166 2123 tui
1182 2086 1269 2121 rmore
1280 2086 1357 2141 pra-

277 2150 366 2220 pediri.
386 2148 465 2218 Quod
479 2149 552 2203 aliter
570 2150 655 2203 evenit
670 2151 699 2203 in
717 2152 913 2225 quamplurimis
931 2152 1095 2216 bominibus,
1115 2152 1161 2223 qni
1172 2152 1233 2205 eaeti
1247 2164 1308 2203 sunt
1329 2163 1357 2203 et

277 2235 420 2287 velamenta
431 2233 499 2287 vitiis
511 2248 636 2306 querunt.
649 2236 772 2309 Exemplo
784 2249 821 2289 est
832 2236 970 2310 llarpaste.
984 2238 1069 2289 uxoris
1088 2239 1174 2295 latua,
1193 2254 1251 2306 qne
1269 2236 1355 2288 oeulis

277 2317 360 2371 subito
371 2330 443 2391 capte
453 2316 559 2371 tlomnm
570 2318 753 2372 tenebricosam
763 2339 815 2372 etse
827 2332 904 2393 putat.
916 2320 1086 2389 Agnommla
1097 2320 1182 2391 imque
1193 2333 1282 2373 monet
1289 2320 1356 2373 vitia

279 2420 346 2463 esse,
361 2413 386 2454 et
397 2400 425 2453 in
437 2413 550 2473 tempore
569 2401 681 2456 remedia
693 2402 838 2471 quaerenda.
850 2403 926 2456 Unde
945 2402 1014 2455 enim
1035 2403 1148 2473 alioquin
1167 2402 1248 2455 enimi
1259 2402 1357 2455 sanitas

279 2474 425 2531 exorietur?
435 2495 494 2547 qusr
510 2476 587 2529 etiam
601 2478 750 2550 contingere
768 2478 809 2529 vel
825 2477 970 2531 inveteratis
983 2477 1050 2529 vitiis
1065 2489 1145 2549 potest
1155 2496 1162 2531 :
1174 2476 1233 2546 quis
1250 2480 1356 2530 animus
1391 2545 1398 2551 ι

277 2562 361 2616 facilia
374 2576 412 2616 est
420 2562 500 2626 flecti,
515 2574 540 2616 et
552 2575 640 2617 natura
653 2561 685 2616 atl
698 2562 797 2615 bonnm
809 2561 887 2615 volat

566 2722 676 2762 bllllllb
693 2723 824 2761 lillfflalo
841 2723 899 2761 8ῦο
917 2724 1063 2762 mium.

331 2848 558 2913 Errsrnnsat
571 2858 662 2913 tuam
675 2844 793 2937 accepi
806 2858 883 2935 post
898 2843 1021 2912 multos
1031 2866 1278 2935 mensesqunm
1293 2844 1361 2910 mi-

282 2986 374 3031 seras
392 2988 399 3028 :
420 2984 665 3055 supervacuum
676 2962 793 3053 itaque
807 2962 946 3054 putavi,
961 2960 1006 3029 ab
1022 2985 1084 3045 eo,
1101 2962 1162 3055 qui
1175 2959 1357 3043 afferebat,

283 3075 367 3170 quid
386 3100 526 3170 ageres,
547 3100 713 3170 quaerere.
735 3075 842 3145 Valde
863 3078 955 3145 enim
972 3075 1071 3146 bones
1088 3078 1260 3146 memorie
1277 3094 1357 3159 est,

283 3195 312 3261 si
337 3194 513 3261 meminit:
534 3210 568 3261 et
586 3210 698 3263 tamen
716 3214 833 3287 spero,
854 3195 905 3263 sie
922 3194 1040 3286 tejam
1060 3196 1196 3276 vivere,
1219 3210 1258 3262 ut
1275 3192 1361 3261 ubi-

285 3330 430 3401 cumque
448 3310 534 3391 eris,
557 3310 660 3377 sciam
674 3292 760 3402 q'uid
775 3330 870 3402 agas.
891 3306 987 3401 Quid
1013 3310 1104 3377 enim
1129 3306 1225 3376 aliud
1248 3331 1356 3401 ngas,

285 3448 385 3517 quam
403 3439 442 3493 ut
457 3425 631 3493 meliorem
652 3441 685 3492 te
706 3426 779 3517 ipse
796 3422 949 3517 quotidie
970 3423 1091 3506 facias,
1110 3439 1148 3492 ut
1167 3422 1298 3515 aliquid
1315 3450 1360 3491 ex

286 3542 461 3610 erroribus
478 3566 606 3636 ponus,
628 3558 664 3609 ut
682 3540 856 3635 intelliges
875 3558 932 3609 tua
950 3542 1034 3608 vitia
1052 3564 1144 3623 esse,
1168 3564 1244 3633 quoe
1258 3558 1361 3633 pums

246 3695 261 3726 ι
286 3681 401 3727 rerum
412 3658 427 3724 l
440 3657 604 3749 Qutednm
623 3660 715 3727 enim
729 3657 832 3726 locis¹
856 3674 891 3727 et
908 3658 1120 3751 temporibus
1135 3657 1359 3738 ascribimus3

286 3790 320 3842 at
340 3773 417 3857 illa,
443 3795 657 3869 quocumque
681 3775 940 3857 transierimus,
963 3790 1121 3843 secutura
1146 3791 1237 3843 sunt.
1270 3778 1364 3843 Har-

289 3906 405 3982 pasten
416 3896 443 3973 ²,
466 3894 581 3961 uxoris
598 3916 680 3961 meae
704 3892 849 3975 fatuam,
874 3893 940 3961 scis
956 3891 1202 3960 hereditarium
1219 3915 1306 3959 onus
1324 3892 1364 3959 iu

325 4138 346 4171 t·
355 4118 487 4190 Quadam
494 4122 561 4172 enim
569 4106 656 4173 ls'et's...
666 4127 734 4170 runt.
744 4115 799 4171 sa·
847 4116 902 4188 inre
912 4136 919 4179 ;
932 4116 963 4168 (le
973 4137 1024 4186 qun
1037 4117 1068 4170 cl'.
1075 4115 1154 4189 Epist.
1165 4129 1260 4167 xxvut.
1270 4111 1362 4167 nult.

290 4196 344 4265 pius
354 4198 403 4251 lius
414 4199 644 4253 reuertitutllnster
654 4210 677 4252 tt
689 4197 797 4251 maximo
881 4214 905 4247 a.
922 4194 1086 4263 Hntpntten.
1105 4194 1148 4247 Est
1164 4192 1275 4262 mensu
1294 4190 1361 4242 bene
