2975 4992
479 407 780 480 nunonem.
1123 430 1168 500 η

91 546 200 610 saltem
216 547 293 612 locis
308 548 529 628 consuluimus,
538 550 571 613 bi
585 565 653 614 suut
664 551 739 614 lere.
754 549 906 629 Primum,
919 561 1001 615 senes
1012 548 1064 611 illa
1073 549 1173 610 nattis

91 655 286 736 prmlnnrm
298 657 429 732 Seneeoe,
451 658 523 718 anni
545 657 664 738 locique
677 659 710 720 et
724 657 905 744 typographi
919 657 1029 720 indicio
1041 677 1170 730 carens,

92 783 187 842 quam
198 764 247 824 ed.
262 763 303 824 A.
317 763 415 846 (quasi
430 765 612 845 Anonyrnem
629 766 779 843 dicerem)
793 765 940 847 insignivi.
954 762 998 826 Et
1009 763 1088 826 hanc
1105 763 1174 844 qui-

93 867 165 927 dem
178 869 219 930 ad
231 867 343 931 codicis
355 869 551 953 manuscripti
567 870 733 954 exemplar,
749 871 800 951 qui
813 883 918 932 nostro
930 891 987 932 ms.
1008 892 1035 931 c.
1049 867 1172 932 similli-

94 993 164 1040 mus
180 971 302 1052 luisset,
320 994 495 1058 expressam
508 975 692 1058 deprehendi
702 975 712 1049 ξ
721 977 764 1038 ila
774 989 894 1053 tamen,
908 988 942 1038 nt
952 973 1052 1058 proba
1063 974 1172 1058 genui-

95 1099 196 1159 naque
216 1079 362 1164 scriptura
383 1079 509 1145 subinde
526 1081 558 1142 in
577 1101 613 1142 ea
630 1095 749 1144 serrata
766 1082 821 1154 sit,
843 1081 898 1143 ubi
920 1081 1060 1144 vitiosam
1079 1079 1174 1142 babet

95 1199 202 1246 noster
217 1188 312 1248 codex
327 1200 428 1248 metus.
442 1184 539 1250 Porro
553 1200 724 1250 constanter
739 1188 828 1251 nobis
842 1186 884 1250 ob
896 1187 1001 1251 oculos
1017 1187 1073 1248 lnit
1085 1189 1173 1271 prin-

96 1313 163 1374 ceps
184 1292 321 1353 Romam
338 1293 422 1354 edt'll'tl
438 1273 615 1364 earumdem
633 1290 863 1378 Epistularum,
880 1306 1172 1383 annouccccnxw,

96 1417 250 1480 procusa,
263 1419 327 1478 quae
336 1399 497 1482 jamsupre
509 1419 527 1460 a
537 1398 626 1461 nobis
636 1413 805 1461 memorata
820 1412 881 1470 ests
894 1421 955 1460 non
966 1399 1173 1463 confundenda

97 1525 169 1566 eum
188 1503 242 1566 illa
256 1503 387 1568 editione
401 1502 563 1582 Romane,
576 1527 642 1588 quse
656 1507 770 1589 passim
786 1507 817 1566 in
827 1504 977 1590 Opsopoei
994 1519 1024 1568 et
1037 1507 1068 1566 in
1085 1504 1174 1567 Gru-

96 1611 156 1672 teri
172 1611 416 1672 adnotationibus
428 1611 628 1674 nominatur¹.
642 1612 739 1675 Vetus
755 1612 825 1689 itta,
838 1635 931 1694 qnam
942 1614 1079 1695 equidem
1094 1635 1175 1676 nunc

96 1717 186 1795 dieo,
202 1715 343 1780 Romana
364 1718 455 1780 editio
477 1739 513 1780 ex
534 1715 741 1802 manuscripto
762 1719 867 1782 codiee
883 1739 1024 1803 expressa
1043 1734 1088 1781 est
1102 1721 1174 1782 satis

97 1825 200 1908 probo
210 1869 220 1903 ,
231 1837 262 1886 et
271 1825 367 1886 multo
379 1823 507 1888 meliore
520 1845 614 1906 quarn
622 1825 718 1888 fueret
728 1826 781 1888 ille
790 1871 799 1904 ,
809 1827 893 1909 cujus
898 1825 1071 1909 exemplum
1083 1826 1176 1888 editio

98 1945 203 1994 nostra
226 1931 268 1992 A.
290 1944 355 1992 erat
378 1944 503 1994 secutas
528 1943 631 2014 estque
645 1931 698 1994 itta
714 1932 844 1995 aliarum
857 1932 993 1994 omnium
1011 1934 1178 1995 editionum

99 2038 230 2116 fundus,
245 2059 281 2100 ae
294 2038 386 2123 veluti
400 2038 482 2116 sons,
503 2059 520 2128 e
536 2060 595 2120 quo
610 2053 722 2102 eceterae
739 2061 845 2103 omnes
864 2040 1010 2102 editiones
1022 2039 1174 2123 profluxe-

102 2161 190 2224 runt,
205 2147 311 2209 sedita
328 2161 362 2208 ut
382 2168 418 2209 ex
438 2147 569 2210 aliorum
592 2147 719 2210 soritium
742 2149 848 2210 rivulis
869 2149 1034 2232 plurimum
1055 2150 1178 2229 quidem

102 2253 215 2317 sinceri
227 2254 367 2338 mitisque
382 2253 508 2336 liquoris
526 2255 558 2316 in
571 2257 710 2318 eamdem
726 2255 765 2318 eit
780 2255 963 2332 derivatum,
980 2275 1039 2336 qno
1056 2267 1086 2316 et
1104 2254 1183 2315 lim-³

103 2361 206 2444 pidior
218 2359 340 2438 flueret,
357 2375 387 2424 et
398 2361 569 2424 molliretur
582 2361 662 2424 illius
675 2362 838 2444 asperitas,
854 2361 986 2447 multum
1001 2381 1074 2423 vero
1086 2361 1182 2422 etiam·

103 2469 184 2532 coeni
206 2489 243 2532 ee
266 2468 390 2530 turbidae
413 2469 547 2532 materiae
568 2469 658 2532 suerit
677 2470 838 2533 invectum.
864 2467 943 2533 Cum
961 2466 1102 2530 Romana
1121 2467 1184 2530 hac·

102 2575 237 2638 editione
257 2574 428 2657 frequenter
450 2575 631 2636 Turrisinom
649 2595 774 2659 operum
788 2571 911 2638 Senecae
927 2575 1063 2636 omnium
1076 2575 1179 2635 editi>-

101 2705 167 2743 nem
181 2683 296 2744 contuli
308 2726 318 2758 ,
336 2703 416 2746 anno
432 2697 659 2744 uccecnxxvtn
674 2683 856 2766 impressam
868 2708 876 2756 3
892 2695 923 2743 et
934 2701 1003 2743 eam
1012 2682 1135 2763 quidem
1147 2681 1179 2740 in

99 2787 185 2852 hisce
197 2777 528 2871 Epistolisplerumque
540 2789 777 2850 consentientem
791 2809 860 2850 curn
874 2786 1015 2850 Romana
1026 2785 1181 2868 Epistola·

101 2917 172 2956 rum
193 2894 324 2958 editione
342 2894 542 2979 deprehendi,
561 2915 774 2977 nonnunquam
793 2915 868 2956 vero
890 2895 982 2956 etiem
997 2893 1037 2955 eb
1052 2893 1107 2955 illa
1130 2893 1183 2954 dia
1271 2926 1280 2950 t

103 3004 291 3072 scedeulem;
309 3011 375 3083 quse
386 3001 585 3085 discrepantia
595 3000 698 3064 nescio
709 3021 749 3063 en
763 3023 799 3063 ex
811 3000 1014 3085 Neapolitana
1025 3001 1177 3075 editione,

104 3129 198 3189 quam
225 3107 328 3170 videre
352 3127 503 3188 nonquam
526 3106 603 3168 mibi
622 3108 761 3192 contigit,
784 3119 952 3192 propagata
972 3107 1037 3191 siv.
1060 3104 1178 3184 Porro,

104 3213 289 3294 ubicmque
304 3231 321 3274 a
336 3225 437 3275 vetere
450 3211 589 3277 Romana
610 3213 739 3276 editione
761 3213 914 3275 discedens
934 3209 1057 3274 Erasmi
1075 3234 1183 3275 exem-
1296 3205 1300 3210 ⁸

105 3321 193 3405 plum
208 3321 422 3397 animadverti,
443 3320 488 3382 ibi
503 3341 571 3382 eam
585 3321 732 3391 editionem
756 3320 877 3402 Opemm
895 3322 1009 3380 Seneca
1025 3320 1183 3393 oonsului,¹

141 3533 150 3562 ¹
166 3528 253 3596 Quam
266 3528 417 3580 Romanam
424 3522 561 3582 editiorem
570 3525 676 3578 subinde
689 3520 856 3577 nominarunt
865 3525 1005 3596 Opsopoens
1014 3537 1038 3574 et
1048 3523 1180 3591 Grutems,

106 3635 136 3667 ea
149 3616 251 3668 ntunu
261 3628 311 3679 est,
322 3616 412 3668 Rornae
428 3633 497 3666 anno
511 3613 590 3675 1585,
607 3612 671 3685 typis
687 3611 799 3684 vulgata.
816 3611 907 3662 Nostra
924 3611 965 3662 ed.
980 3611 1058 3663 Rom.
1072 3610 1122 3663 illis
1139 3612 1183 3664 in-

105 3699 211 3770 cognite
224 3717 339 3771 prorsus,
354 3711 419 3752 certe
433 3715 563 3766 nunquam
576 3696 629 3748 risa
642 3694 718 3748 luisse
731 3694 839 3746 videtur.

136 3787 151 3817 ²
168 3785 208 3835 De
228 3784 409 3852 Neapolitana
424 3783 470 3834 illa
490 3783 605 3850 Operum
622 3779 723 3834 Seneeoe
735 3782 861 3839 editione,
879 3798 942 3849 quse
962 3779 1067 3850 quidem
1093 3781 1183 3833 eodem

104 3885 177 3916 anuo
201 3877 362 3918 mcccclxxv
380 3865 498 3934 impressa
521 3861 684 3936 perhibetur,
702 3881 755 3932 qno
777 3863 895 3913 Romana
916 3860 1087 3934 Epistolarum
1108 3862 1184 3914 editio

105 3949 219 4023 prodiit,
231 3947 375 4002 doctissimo
385 3947 508 4001 Molthr'oe
524 3947 669 4014 adsentior,
686 3944 801 3998 monenti
816 3947 861 4010 (in
871 3946 961 4018 Progr.
975 3945 1162 4019 supralaudato
1176 3985 1184 4011 ,

106 4059 131 4108 p.
146 4037 249 4099 plesse
265 4032 334 4084 illam
352 4051 458 4084 rontano
473 4030 653 4105 posteriorem,
668 4043 692 4082 et
702 4030 828 4103 Epistulas
841 4031 961 4094 Seneetc,
976 4050 1037 4100 quas
1053 4029 1097 4083 illa
1110 4031 1187 4083 exhi-

105 4120 164 4184 bet,
178 4138 193 4169 e
210 4119 327 4170 Romana
344 4115 454 4169 editione
470 4136 522 4168 esse
539 4115 663 4190 repetitas.
680 4117 730 4180 At,
751 4128 840 4186 preter
859 4114 1000 4167 editionem
1018 4117 1184 4185 Romanam,

105 4205 210 4256 somne
222 4203 298 4254 etiam
311 4201 390 4255 codex
400 4201 490 4272 aliquis
502 4221 578 4254 mauu
591 4212 704 4254 exaratus
717 4199 744 4251 in
758 4199 893 4254 consilium
906 4211 1006 4253 vocatus
1020 4213 1071 4253 erat
1084 4221 1098 4254 a
1112 4203 1187 4255 Neo-

105 4287 221 4362 politano
235 4285 338 4341 editore.
