<?xml version="1.0" encoding="UTF-8"?>
<!DOCTYPE html PUBLIC "-//W3C//DTD XHTML 1.0 Transitional//EN"
    "http://www.w3.org/TR/xhtml1/DTD/xhtml1-transitional.dtd">
<html xmlns="http://www.w3.org/1999/xhtml" xml:lang="en" lang="en">
 <head>
  <title>
</title>
<meta http-equiv="Content-Type" content="text/html;charset=utf-8" />
  <meta name='ocr-system' content='tesseract 3.04.00' />
  <meta name='ocr-capabilities' content='ocr_page ocr_carea ocr_par ocr_line ocrx_word'/>
</head>
<body>
  <div class='ocr_page' id='page_1' title='image "./lannsenecparspr03bouigoog_0246.png"; bbox 0 0 2975 4992; ppageno 0'>
   <div class='ocr_carea' id='block_1_1' title="bbox 338 449 1129 539">
    <p class='ocr_par' dir='ltr' id='par_1_1' title="bbox 338 449 1129 539">
     <span class='ocr_line' id='line_1_1' title="bbox 338 449 1129 539; baseline 0 -16"><span class='ocrx_word' id='word_1_1' title='bbox 338 454 406 539; x_wconf 75' lang='lat'><strong>234</strong></span> <span class='ocrx_word' id='word_1_2' title='bbox 628 454 668 519; x_wconf 79' lang='lat' dir='ltr'><strong>n.</strong></span> <span class='ocrx_word' id='word_1_3' title='bbox 695 449 876 518; x_wconf 75' lang='lat' dir='ltr'><strong>suunt</strong></span> <span class='ocrx_word' id='word_1_4' title='bbox 899 451 1129 523; x_wconf 74' lang='lat' dir='ltr'><strong>sussen</strong></span> 
     </span>
    </p>
   </div>
   <div class='ocr_carea' id='block_1_2' title="bbox 263 579 1422 2192">
    <p class='ocr_par' dir='ltr' id='par_1_2' title="bbox 263 579 1422 2192">
     <span class='ocr_line' id='line_1_2' title="bbox 335 579 1421 681; baseline 0.006 -30"><span class='ocrx_word' id='word_1_5' title='bbox 335 582 488 676; x_wconf 81' lang='lat' dir='ltr'><strong>pedient.</strong></span> <span class='ocrx_word' id='word_1_6' title='bbox 509 579 655 649; x_wconf 91' lang='lat' dir='ltr'><strong>Multum</strong></span> <span class='ocrx_word' id='word_1_7' title='bbox 668 597 781 649; x_wconf 84' lang='lat' dir='ltr'><strong>nutem</strong></span> <span class='ocrx_word' id='word_1_8' title='bbox 795 598 898 650; x_wconf 89' lang='lat' dir='ltr'><strong>nocet</strong></span> <span class='ocrx_word' id='word_1_9' title='bbox 914 584 1016 651; x_wconf 87' lang='lat' dir='ltr'><strong>etiam</strong></span> <span class='ocrx_word' id='word_1_10' title='bbox 1030 586 1090 677; x_wconf 92' lang='lat' dir='ltr'><strong>qui</strong></span> <span class='ocrx_word' id='word_1_11' title='bbox 1105 600 1278 673; x_wconf 84' lang='lat' dir='ltr'><strong>moratur;</strong></span> <span class='ocrx_word' id='word_1_12' title='bbox 1292 589 1421 681; x_wconf 83' lang='lat' dir='ltr'><strong>utique</strong></span> 
     </span>
     <span class='ocr_line' id='line_1_3' title="bbox 334 696 1420 791; baseline 0.006 -24"><span class='ocrx_word' id='word_1_13' title='bbox 334 701 372 767; x_wconf 94' lang='lat' dir='ltr'><strong>in</strong></span> <span class='ocrx_word' id='word_1_14' title='bbox 395 715 487 768; x_wconf 83' lang='lat' dir='ltr'><strong>tanta</strong></span> <span class='ocrx_word' id='word_1_15' title='bbox 506 696 674 787; x_wconf 74' lang='lat' dir='ltr'><strong>brevitate</strong></span> <span class='ocrx_word' id='word_1_16' title='bbox 695 699 793 781; x_wconf 82' lang='lat' dir='ltr'><strong>vitae,</strong></span> <span class='ocrx_word' id='word_1_17' title='bbox 815 722 918 791; x_wconf 83' lang='lat' dir='ltr'><strong>quum</strong></span> <span class='ocrx_word' id='word_1_18' title='bbox 943 699 1161 772; x_wconf 86' lang='lat' dir='ltr'><strong>breviorem¹</strong></span> <span class='ocrx_word' id='word_1_19' title='bbox 1190 705 1420 774; x_wconf 73' lang='lat' dir='ltr'><strong>inconstantia</strong></span> 
     </span>
     <span class='ocr_line' id='line_1_4' title="bbox 334 813 1422 910; baseline 0.007 -27"><span class='ocrx_word' id='word_1_20' title='bbox 334 817 500 905; x_wconf 83' lang='lat' dir='ltr'><strong>facimus,</strong></span> <span class='ocrx_word' id='word_1_21' title='bbox 526 813 621 882; x_wconf 84' lang='lat' dir='ltr'><strong>aliud</strong></span> <span class='ocrx_word' id='word_1_22' title='bbox 645 814 718 907; x_wconf 89' lang='lat' dir='ltr'><strong>ejus</strong></span> <span class='ocrx_word' id='word_1_23' title='bbox 745 814 891 884; x_wconf 80' lang='lat' dir='ltr'><strong>subinde</strong></span> <span class='ocrx_word' id='word_1_24' title='bbox 911 833 1014 910; x_wconf 85' lang='lat' dir='ltr'><strong>atque</strong></span> <span class='ocrx_word' id='word_1_25' title='bbox 1039 818 1135 887; x_wconf 89' lang='lat' dir='ltr'><strong>aliud</strong></span> <span class='ocrx_word' id='word_1_26' title='bbox 1161 821 1323 891; x_wconf 74' lang='lat' dir='ltr'><strong>incientes</strong></span> <span class='ocrx_word' id='word_1_27' title='bbox 1346 825 1422 891; x_wconf 90' lang='lat' dir='ltr'><strong>ini-</strong></span> 
     </span>
     <span class='ocr_line' id='line_1_5' title="bbox 334 928 1420 1024; baseline 0.007 -26"><span class='ocrx_word' id='word_1_28' title='bbox 334 931 431 999; x_wconf 90' lang='lat' dir='ltr'><strong>tium.</strong></span> <span class='ocrx_word' id='word_1_29' title='bbox 449 928 651 999; x_wconf 73' lang='lat' dir='ltr'><strong>Diducimus</strong></span> <span class='ocrx_word' id='word_1_30' title='bbox 662 928 755 996; x_wconf 85' lang='lat' dir='ltr'><strong>illam</strong></span> <span class='ocrx_word' id='word_1_31' title='bbox 767 931 804 997; x_wconf 94' lang='lat' dir='ltr'><strong>in</strong></span> <span class='ocrx_word' id='word_1_32' title='bbox 816 931 1002 1024; x_wconf 72' lang='lat' dir='ltr'><strong>particulas</strong></span> <span class='ocrx_word' id='word_1_33' title='bbox 1015 956 1056 1000; x_wconf 90' lang='lat' dir='ltr'><strong>ac</strong></span> <span class='ocrx_word' id='word_1_34' title='bbox 1066 932 1276 1003; x_wconf 84' lang='lat' dir='ltr'><strong>lancinamus</strong></span> <span class='ocrx_word' id='word_1_35' title='bbox 1287 941 1314 1004; x_wconf 85' lang='lat'><strong>².</strong></span> <span class='ocrx_word' id='word_1_36' title='bbox 1329 940 1420 1006; x_wconf 93' lang='lat' dir='ltr'><strong>Pro-</strong></span> 
     </span>
     <span class='ocr_line' id='line_1_6' title="bbox 333 1034 1420 1142; baseline 0.007 -27"><span class='ocrx_word' id='word_1_37' title='bbox 333 1034 419 1141; x_wconf 78' lang='lat' dir='ltr'><strong>pera</strong></span> <span class='ocrx_word' id='word_1_38' title='bbox 436 1070 538 1141; x_wconf 89' lang='lat' dir='ltr'><strong>ergo,</strong></span> <span class='ocrx_word' id='word_1_39' title='bbox 560 1045 674 1115; x_wconf 89' lang='lat' dir='ltr'><strong>Lucili</strong></span> <span class='ocrx_word' id='word_1_40' title='bbox 698 1048 893 1130; x_wconf 77' lang='lat' dir='ltr'><strong>carissime,</strong></span> <span class='ocrx_word' id='word_1_41' title='bbox 917 1050 1103 1142; x_wconf 85' lang='lat' dir='ltr'><strong>etcogita,</strong></span> <span class='ocrx_word' id='word_1_42' title='bbox 1124 1066 1291 1142; x_wconf 87' lang='lat' dir='ltr'><strong>quantum</strong></span> <span class='ocrx_word' id='word_1_43' title='bbox 1307 1052 1420 1123; x_wconf 83' lang='lat' dir='ltr'><strong>addi-</strong></span> 
     </span>
     <span class='ocr_line' id='line_1_7' title="bbox 334 1162 1421 1258; baseline 0.006 -26"><span class='ocrx_word' id='word_1_44' title='bbox 334 1178 431 1232; x_wconf 88' lang='lat' dir='ltr'><strong>turus</strong></span> <span class='ocrx_word' id='word_1_45' title='bbox 459 1164 626 1231; x_wconf 80' lang='lat' dir='ltr'><strong>celeritati</strong></span> <span class='ocrx_word' id='word_1_46' title='bbox 655 1162 787 1245; x_wconf 85' lang='lat' dir='ltr'><strong>fueris,</strong></span> <span class='ocrx_word' id='word_1_47' title='bbox 817 1162 846 1231; x_wconf 91' lang='lat' dir='ltr'><strong>si</strong></span> <span class='ocrx_word' id='word_1_48' title='bbox 868 1188 891 1231; x_wconf 84' lang='lat' dir='ltr'><strong>a</strong></span> <span class='ocrx_word' id='word_1_49' title='bbox 923 1179 1021 1258; x_wconf 89' lang='lat' dir='ltr'><strong>tergo</strong></span> <span class='ocrx_word' id='word_1_50' title='bbox 1054 1163 1160 1234; x_wconf 88' lang='lat' dir='ltr'><strong>hostis</strong></span> <span class='ocrx_word' id='word_1_51' title='bbox 1189 1169 1353 1253; x_wconf 88' lang='lat' dir='ltr'><strong>instaret,</strong></span> <span class='ocrx_word' id='word_1_52' title='bbox 1385 1172 1421 1238; x_wconf 89' lang='lat' dir='ltr'><strong>si</strong></span> 
     </span>
     <span class='ocr_line' id='line_1_8' title="bbox 335 1279 1421 1383; baseline 0.005 -34"><span class='ocrx_word' id='word_1_53' title='bbox 335 1282 487 1374; x_wconf 85' lang='lat' dir='ltr'><strong>equitem</strong></span> <span class='ocrx_word' id='word_1_54' title='bbox 509 1279 698 1349; x_wconf 85' lang='lat' dir='ltr'><strong>adventare</strong></span> <span class='ocrx_word' id='word_1_55' title='bbox 722 1280 944 1383; x_wconf 79' lang='lat' dir='ltr'><strong>suspicareris</strong></span> <span class='ocrx_word' id='word_1_56' title='bbox 961 1304 1002 1348; x_wconf 84' lang='lat' dir='ltr'><strong>nc</strong></span> <span class='ocrx_word' id='word_1_57' title='bbox 1028 1281 1232 1373; x_wconf 86' lang='lat' dir='ltr'><strong>fugientium</strong></span> <span class='ocrx_word' id='word_1_58' title='bbox 1259 1310 1421 1379; x_wconf 83' lang='lat' dir='ltr'><strong>premere</strong></span> 
     </span>
     <span class='ocr_line' id='line_1_9' title="bbox 293 1381 1420 1494; baseline 0.005 -31"><span class='ocrx_word' id='word_1_59' title='bbox 293 1436 310 1487; x_wconf 85' lang='lat'>3</span> <span class='ocrx_word' id='word_1_60' title='bbox 334 1399 491 1491; x_wconf 85' lang='lat' dir='ltr'><strong>vestigia.</strong></span> <span class='ocrx_word' id='word_1_61' title='bbox 508 1398 566 1467; x_wconf 86' lang='lat' dir='ltr'><strong>Fit</strong></span> <span class='ocrx_word' id='word_1_62' title='bbox 579 1398 665 1484; x_wconf 78' lang='lat' dir='ltr'><strong>hoc;</strong></span> <span class='ocrx_word' id='word_1_63' title='bbox 682 1381 849 1491; x_wconf 83' lang='lat' dir='ltr'><strong>premeris</strong></span> <span class='ocrx_word' id='word_1_64' title='bbox 869 1425 876 1464; x_wconf 92' lang='lat'><strong>:</strong></span> <span class='ocrx_word' id='word_1_65' title='bbox 894 1397 1068 1480; x_wconf 82' lang='lat' dir='ltr'><strong>accelera,</strong></span> <span class='ocrx_word' id='word_1_66' title='bbox 1089 1414 1124 1466; x_wconf 89' lang='lat' dir='ltr'><strong>et</strong></span> <span class='ocrx_word' id='word_1_67' title='bbox 1137 1396 1264 1467; x_wconf 87' lang='lat' dir='ltr'><strong>evade!</strong></span> <span class='ocrx_word' id='word_1_68' title='bbox 1282 1399 1420 1494; x_wconf 89' lang='lat' dir='ltr'><strong>perduc</strong></span> 
     </span>
     <span class='ocr_line' id='line_1_10' title="bbox 263 1512 1420 1609; baseline 0.002 -26"><span class='ocrx_word' id='word_1_69' title='bbox 263 1557 267 1566; x_wconf 94' lang='lat'>-</span> <span class='ocrx_word' id='word_1_70' title='bbox 335 1530 368 1583; x_wconf 88' lang='lat' dir='ltr'><strong>te</strong></span> <span class='ocrx_word' id='word_1_71' title='bbox 388 1516 424 1582; x_wconf 92' lang='lat' dir='ltr'><strong>in</strong></span> <span class='ocrx_word' id='word_1_72' title='bbox 436 1529 570 1601; x_wconf 77' lang='lat' dir='ltr'><strong>tutum3</strong></span> <span class='ocrx_word' id='word_1_73' title='bbox 590 1530 625 1582; x_wconf 87' lang='lat' dir='ltr'><strong>et</strong></span> <span class='ocrx_word' id='word_1_74' title='bbox 638 1512 785 1582; x_wconf 84' lang='lat' dir='ltr'><strong>subinde</strong></span> <span class='ocrx_word' id='word_1_75' title='bbox 797 1513 997 1598; x_wconf 86' lang='lat' dir='ltr'><strong>considera,</strong></span> <span class='ocrx_word' id='word_1_76' title='bbox 1017 1515 1280 1609; x_wconf 78' lang='lat' dir='ltr'><strong>quampulchre</strong></span> <span class='ocrx_word' id='word_1_77' title='bbox 1299 1540 1355 1585; x_wconf 86' lang='lat' dir='ltr'><strong>res</strong></span> <span class='ocrx_word' id='word_1_78' title='bbox 1369 1520 1420 1585; x_wconf 88' lang='lat' dir='ltr'><strong>sit</strong></span> 
     </span>
     <span class='ocr_line' id='line_1_11' title="bbox 335 1621 1420 1730; baseline 0.002 -31"><span class='ocrx_word' id='word_1_79' title='bbox 335 1654 568 1699; x_wconf 81' lang='lat' dir='ltr'><strong>consummare</strong></span> <span class='ocrx_word' id='word_1_80' title='bbox 584 1632 786 1707; x_wconf 78' lang='lat' dir='ltr'><strong>ritamante</strong></span> <span class='ocrx_word' id='word_1_81' title='bbox 803 1645 945 1699; x_wconf 88' lang='lat' dir='ltr'><strong>mortem</strong></span> <span class='ocrx_word' id='word_1_82' title='bbox 957 1621 985 1712; x_wconf 81' lang='lat'><strong>³,</strong></span> <span class='ocrx_word' id='word_1_83' title='bbox 1005 1629 1131 1730; x_wconf 81' lang='lat' dir='ltr'><strong>deinde</strong></span> <span class='ocrx_word' id='word_1_84' title='bbox 1148 1648 1343 1726; x_wconf 81' lang='lat' dir='ltr'><strong>exspectare</strong></span> <span class='ocrx_word' id='word_1_85' title='bbox 1357 1657 1420 1700; x_wconf 86' lang='lat' dir='ltr'><strong>se-</strong></span> 
     </span>
     <span class='ocr_line' id='line_1_12' title="bbox 334 1744 1420 1842; baseline 0.003 -28"><span class='ocrx_word' id='word_1_86' title='bbox 334 1770 452 1814; x_wconf 89' lang='lat' dir='ltr'><strong>curum</strong></span> <span class='ocrx_word' id='word_1_87' title='bbox 476 1746 642 1842; x_wconf 78' lang='lat' dir='ltr'><strong>reliquum</strong></span> <span class='ocrx_word' id='word_1_88' title='bbox 664 1747 827 1840; x_wconf 86' lang='lat' dir='ltr'><strong>temporis</strong></span> <span class='ocrx_word' id='word_1_89' title='bbox 852 1748 905 1815; x_wconf 89' lang='lat' dir='ltr'><strong>sui</strong></span> <span class='ocrx_word' id='word_1_90' title='bbox 928 1762 1083 1840; x_wconf 88' lang='lat' dir='ltr'><strong>partem,</strong></span> <span class='ocrx_word' id='word_1_91' title='bbox 1107 1750 1210 1817; x_wconf 90' lang='lat' dir='ltr'><strong>inniti</strong></span> <span class='ocrx_word' id='word_1_92' title='bbox 1236 1750 1302 1817; x_wconf 88' lang='lat' dir='ltr'><strong>sibi</strong></span> <span class='ocrx_word' id='word_1_93' title='bbox 1317 1744 1348 1836; x_wconf 79' lang='lat'><strong>⁴3</strong></span> <span class='ocrx_word' id='word_1_94' title='bbox 1375 1751 1420 1817; x_wconf 91' lang='lat' dir='ltr'><strong>in</strong></span> 
     </span>
     <span class='ocr_line' id='line_1_13' title="bbox 331 1863 1416 1957; baseline 0.004 -28"><span class='ocrx_word' id='word_1_95' title='bbox 331 1864 544 1957; x_wconf 83' lang='lat' dir='ltr'><strong>possessione</strong></span> <span class='ocrx_word' id='word_1_96' title='bbox 563 1865 670 1932; x_wconf 82' lang='lat' dir='ltr'><strong>beatae</strong></span> <span class='ocrx_word' id='word_1_97' title='bbox 693 1864 771 1932; x_wconf 84' lang='lat' dir='ltr'><strong>vitae</strong></span> <span class='ocrx_word' id='word_1_98' title='bbox 797 1863 964 1956; x_wconf 78' lang='lat' dir='ltr'><strong>positum3</strong></span> <span class='ocrx_word' id='word_1_99' title='bbox 991 1889 1067 1957; x_wconf 84' lang='lat' dir='ltr'><strong>quae</strong></span> <span class='ocrx_word' id='word_1_100' title='bbox 1090 1863 1223 1933; x_wconf 81' lang='lat' dir='ltr'><strong>beatior</strong></span> <span class='ocrx_word' id='word_1_101' title='bbox 1248 1889 1317 1933; x_wconf 91' lang='lat' dir='ltr'><strong>non</strong></span> <span class='ocrx_word' id='word_1_102' title='bbox 1344 1864 1416 1947; x_wconf 85' lang='lat' dir='ltr'><strong>iit,</strong></span> 
     </span>
     <span class='ocr_line' id='line_1_14' title="bbox 333 1973 1420 2074; baseline 0.003 -28"><span class='ocrx_word' id='word_1_103' title='bbox 333 1980 363 2046; x_wconf 89' lang='lat' dir='ltr'><strong>si</strong></span> <span class='ocrx_word' id='word_1_104' title='bbox 388 1979 535 2072; x_wconf 78' lang='lat' dir='ltr'><strong>longior.</strong></span> <span class='ocrx_word' id='word_1_105' title='bbox 559 1979 745 2071; x_wconf 90' lang='lat' dir='ltr'><strong>Oquando</strong></span> <span class='ocrx_word' id='word_1_106' title='bbox 770 1973 928 2047; x_wconf 80' lang='lat' dir='ltr'><strong>videbis⁵</strong></span> <span class='ocrx_word' id='word_1_107' title='bbox 957 1979 1045 2047; x_wconf 93' lang='lat' dir='ltr'><strong>illud</strong></span> <span class='ocrx_word' id='word_1_108' title='bbox 1063 1997 1218 2074; x_wconf 87' lang='lat' dir='ltr'><strong>tempus,</strong></span> <span class='ocrx_word' id='word_1_109' title='bbox 1240 2006 1308 2074; x_wconf 90' lang='lat' dir='ltr'><strong>quo</strong></span> <span class='ocrx_word' id='word_1_110' title='bbox 1325 1984 1420 2050; x_wconf 88' lang='lat' dir='ltr'><strong>scies</strong></span> 
     </span>
     <span class='ocr_line' id='line_1_15' title="bbox 333 2091 1421 2192; baseline 0.002 -29"><span class='ocrx_word' id='word_1_111' title='bbox 333 2112 466 2189; x_wconf 87' lang='lat' dir='ltr'><strong>tempus</strong></span> <span class='ocrx_word' id='word_1_112' title='bbox 478 2095 522 2163; x_wconf 87' lang='lat' dir='ltr'><strong>ad</strong></span> <span class='ocrx_word' id='word_1_113' title='bbox 540 2111 572 2164; x_wconf 90' lang='lat' dir='ltr'><strong>te</strong></span> <span class='ocrx_word' id='word_1_114' title='bbox 590 2120 658 2163; x_wconf 93' lang='lat' dir='ltr'><strong>non</strong></span> <span class='ocrx_word' id='word_1_115' title='bbox 672 2091 866 2189; x_wconf 88' lang='lat' dir='ltr'><strong>pertinere!</strong></span> <span class='ocrx_word' id='word_1_116' title='bbox 889 2117 957 2187; x_wconf 90' lang='lat' dir='ltr'><strong>qno</strong></span> <span class='ocrx_word' id='word_1_117' title='bbox 972 2098 1176 2188; x_wconf 86' lang='lat' dir='ltr'><strong>tranquillus</strong></span> <span class='ocrx_word' id='word_1_118' title='bbox 1190 2097 1421 2192; x_wconf 82' lang='lat' dir='ltr'><strong>placidusque</strong></span> 
     </span>
    </p>
   </div>
   <div class='ocr_carea' id='block_1_3' title="bbox 333 2214 1415 2316">
    <p class='ocr_par' dir='ltr' id='par_1_3' title="bbox 333 2214 1415 2316">
     <span class='ocr_line' id='line_1_16' title="bbox 333 2214 1415 2316; baseline -0.001 -29"><span class='ocrx_word' id='word_1_119' title='bbox 333 2220 425 2299; x_wconf 88' lang='lat' dir='ltr'><strong>eris,</strong></span> <span class='ocrx_word' id='word_1_120' title='bbox 450 2234 484 2287; x_wconf 91' lang='lat' dir='ltr'><strong>et</strong></span> <span class='ocrx_word' id='word_1_121' title='bbox 503 2220 642 2289; x_wconf 88' lang='lat' dir='ltr'><strong>crastini</strong></span> <span class='ocrx_word' id='word_1_122' title='bbox 658 2218 859 2311; x_wconf 79' lang='lat' dir='ltr'><strong>negligens,</strong></span> <span class='ocrx_word' id='word_1_123' title='bbox 885 2220 973 2316; x_wconf 88' lang='lat' dir='ltr'><strong>etin</strong></span> <span class='ocrx_word' id='word_1_124' title='bbox 991 2222 1183 2287; x_wconf 86' lang='lat' dir='ltr'><strong>summatui</strong></span> <span class='ocrx_word' id='word_1_125' title='bbox 1204 2214 1384 2290; x_wconf 76' lang='lat' dir='ltr'><strong>lsatietate</strong></span> <span class='ocrx_word' id='word_1_126' title='bbox 1405 2218 1415 2286; x_wconf 82' lang='lat' dir='ltr'><strong>l</strong></span> 
     </span>
    </p>
   </div>
   <div class='ocr_carea' id='block_1_4' title="bbox 892 2508 1422 2974">
    <p class='ocr_par' dir='ltr' id='par_1_4' title="bbox 892 2508 1422 2974">
     <span class='ocr_line' id='line_1_17' title="bbox 895 2508 1422 2577; baseline 0.008 -19"><span class='ocrx_word' id='word_1_127' title='bbox 895 2526 970 2577; x_wconf 72' lang='grc' dir='ltr'>φιιιιι</span> <span class='ocrx_word' id='word_1_128' title='bbox 996 2509 1068 2561; x_wconf 84' lang='lat' dir='ltr'><strong>omni</strong></span> <span class='ocrx_word' id='word_1_129' title='bbox 1090 2527 1166 2561; x_wconf 86' lang='lat' dir='ltr'><strong>sensu</strong></span> <span class='ocrx_word' id='word_1_130' title='bbox 1194 2528 1277 2561; x_wconf 80' lang='lat' dir='ltr'><strong>carere</strong></span> <span class='ocrx_word' id='word_1_131' title='bbox 1299 2508 1422 2562; x_wconf 84' lang='lat' dir='ltr'><strong>affirmat</strong></span> 
     </span>
     <span class='ocr_line' id='line_1_18' title="bbox 894 2586 1418 2659; baseline 0.004 -21"><span class='ocrx_word' id='word_1_132' title='bbox 894 2588 1017 2639; x_wconf 52' lang='lat' dir='ltr'><strong>Gronovs</strong></span> <span class='ocrx_word' id='word_1_133' title='bbox 1030 2588 1075 2659; x_wconf 86' lang='lat' dir='ltr'><strong>qui</strong></span> <span class='ocrx_word' id='word_1_134' title='bbox 1089 2591 1168 2640; x_wconf 83' lang='lat' dir='ltr'><strong>inniti</strong></span> <span class='ocrx_word' id='word_1_135' title='bbox 1176 2586 1229 2640; x_wconf 81' lang='lat' dir='ltr'><strong>sibi</strong></span> <span class='ocrx_word' id='word_1_136' title='bbox 1241 2591 1268 2639; x_wconf 82' lang='lat' dir='ltr'><strong>iu</strong></span> <span class='ocrx_word' id='word_1_137' title='bbox 1279 2608 1352 2657; x_wconf 81' lang='lat' dir='ltr'><strong>poss.</strong></span> <span class='ocrx_word' id='word_1_138' title='bbox 1364 2588 1418 2640; x_wconf 86' lang='lat' dir='ltr'><strong>in-</strong></span> 
     </span>
     <span class='ocr_line' id='line_1_19' title="bbox 894 2665 1419 2737; baseline 0.008 -22"><span class='ocrx_word' id='word_1_139' title='bbox 894 2665 1000 2737; x_wconf 85' lang='lat' dir='ltr'><strong>geniose</strong></span> <span class='ocrx_word' id='word_1_140' title='bbox 1011 2665 1145 2719; x_wconf 84' lang='lat' dir='ltr'><strong>emendat:</strong></span> <span class='ocrx_word' id='word_1_141' title='bbox 1155 2665 1269 2719; x_wconf 83' lang='lat' dir='ltr'><strong>Muretus</strong></span> <span class='ocrx_word' id='word_1_142' title='bbox 1281 2666 1345 2720; x_wconf 85' lang='lat' dir='ltr'><strong>duas</strong></span> <span class='ocrx_word' id='word_1_143' title='bbox 1356 2686 1419 2719; x_wconf 81' lang='lat' dir='ltr'><strong>ro·</strong></span> 
     </span>
     <span class='ocr_line' id='line_1_20' title="bbox 894 2734 1418 2799; baseline 0.008 -4"><span class='ocrx_word' id='word_1_144' title='bbox 894 2763 935 2796; x_wconf 86' lang='lat' dir='ltr'><strong>ces</strong></span> <span class='ocrx_word' id='word_1_145' title='bbox 955 2734 1023 2797; x_wconf 73' lang='lat' dir='ltr'><strong>niti!</strong></span> <span class='ocrx_word' id='word_1_146' title='bbox 1039 2743 1093 2796; x_wconf 69' lang='lat' dir='ltr'><strong>siba·</strong></span> <span class='ocrx_word' id='word_1_147' title='bbox 1115 2744 1241 2797; x_wconf 85' lang='lat' dir='ltr'><strong>omiserat.</strong></span> <span class='ocrx_word' id='word_1_148' title='bbox 1268 2746 1418 2799; x_wconf 84' lang='lat' dir='ltr'><strong>Enimvero</strong></span> 
     </span>
     <span class='ocr_line' id='line_1_21' title="bbox 893 2820 1418 2896; baseline 0.004 -24"><span class='ocrx_word' id='word_1_149' title='bbox 893 2820 974 2875; x_wconf 64' lang='lat' dir='ltr'><strong>beate</strong></span> <span class='ocrx_word' id='word_1_150' title='bbox 997 2820 1056 2876; x_wconf 74' lang='lat' dir='ltr'><strong>vite</strong></span> <span class='ocrx_word' id='word_1_151' title='bbox 1069 2822 1168 2874; x_wconf 84' lang='lat' dir='ltr'><strong>iteratio</strong></span> <span class='ocrx_word' id='word_1_152' title='bbox 1186 2821 1229 2874; x_wconf 86' lang='lat' dir='ltr'><strong>lric</strong></span> <span class='ocrx_word' id='word_1_153' title='bbox 1247 2841 1300 2874; x_wconf 91' lang='lat' dir='ltr'><strong>non</strong></span> <span class='ocrx_word' id='word_1_154' title='bbox 1321 2842 1418 2896; x_wconf 83' lang='lat' dir='ltr'><strong>exspe-</strong></span> 
     </span>
     <span class='ocr_line' id='line_1_22' title="bbox 892 2900 1418 2974; baseline 0.01 -23"><span class='ocrx_word' id='word_1_155' title='bbox 892 2912 991 2967; x_wconf 86' lang='lat' dir='ltr'><strong>ctatur,</strong></span> <span class='ocrx_word' id='word_1_156' title='bbox 1009 2901 1053 2953; x_wconf 85' lang='lat' dir='ltr'><strong>sed</strong></span> <span class='ocrx_word' id='word_1_157' title='bbox 1066 2900 1197 2974; x_wconf 63' lang='lat' dir='ltr'><strong>explicatio</strong></span> <span class='ocrx_word' id='word_1_158' title='bbox 1212 2902 1281 2971; x_wconf 74' lang='lat' dir='ltr'><strong>ejus,</strong></span> <span class='ocrx_word' id='word_1_159' title='bbox 1299 2920 1361 2969; x_wconf 76' lang='lat' dir='ltr'><strong>quor</strong></span> <span class='ocrx_word' id='word_1_160' title='bbox 1382 2922 1418 2955; x_wconf 82' lang='lat' dir='ltr'><strong>eo</strong></span> 
     </span>
    </p>
   </div>
   <div class='ocr_carea' id='block_1_5' title="bbox 329 2508 845 2887">
    <p class='ocr_par' dir='ltr' id='par_1_5' title="bbox 329 2508 845 2812">
     <span class='ocr_line' id='line_1_23' title="bbox 365 2508 843 2579; baseline -0.013 -16"><span class='ocrx_word' id='word_1_161' title='bbox 365 2530 386 2563; x_wconf 88' lang='grc' dir='ltr'><strong>ι.</strong></span> <span class='ocrx_word' id='word_1_162' title='bbox 409 2508 501 2579; x_wconf 83' lang='lat' dir='ltr'><strong>Quam</strong></span> <span class='ocrx_word' id='word_1_163' title='bbox 518 2510 684 2562; x_wconf 68' lang='lat' dir='ltr'><strong>duriorem...</strong></span> <span class='ocrx_word' id='word_1_164' title='bbox 693 2508 843 2579; x_wconf 79' lang='lat' dir='ltr'><strong>facimus...</strong></span> 
     </span>
     <span class='ocr_line' id='line_1_24' title="bbox 330 2582 845 2640; baseline -0.01 0"><span class='ocrx_word' id='word_1_165' title='bbox 330 2589 442 2640; x_wconf 73' lang='lat' dir='ltr'><strong>initium.</strong></span> <span class='ocrx_word' id='word_1_166' title='bbox 455 2584 495 2636; x_wconf 86' lang='lat' dir='ltr'><strong>De</strong></span> <span class='ocrx_word' id='word_1_167' title='bbox 509 2584 558 2637; x_wconf 89' lang='lat' dir='ltr'><strong>hoc</strong></span> <span class='ocrx_word' id='word_1_168' title='bbox 570 2583 638 2635; x_wconf 82' lang='lat' dir='ltr'><strong>mslo</strong></span> <span class='ocrx_word' id='word_1_169' title='bbox 650 2582 785 2634; x_wconf 83' lang='lat' dir='ltr'><strong>hominum</strong></span> <span class='ocrx_word' id='word_1_170' title='bbox 795 2602 845 2635; x_wconf 84' lang='lat' dir='ltr'><strong>su-</strong></span> 
     </span>
     <span class='ocr_line' id='line_1_25' title="bbox 329 2662 844 2739; baseline -0.01 -23"><span class='ocrx_word' id='word_1_171' title='bbox 329 2663 432 2739; x_wconf 74' lang='lat' dir='ltr'><strong>prajam</strong></span> <span class='ocrx_word' id='word_1_172' title='bbox 440 2675 539 2734; x_wconf 89' lang='lat' dir='ltr'><strong>questus</strong></span> <span class='ocrx_word' id='word_1_173' title='bbox 551 2674 588 2713; x_wconf 88' lang='lat' dir='ltr'><strong>est</strong></span> <span class='ocrx_word' id='word_1_174' title='bbox 599 2662 626 2715; x_wconf 88' lang='lat' dir='ltr'><strong>in</strong></span> <span class='ocrx_word' id='word_1_175' title='bbox 635 2662 683 2733; x_wconf 88' lang='lat' dir='ltr'><strong>Ep.</strong></span> <span class='ocrx_word' id='word_1_176' title='bbox 692 2676 761 2727; x_wconf 74' lang='lat' dir='ltr'><strong>xxm,</strong></span> <span class='ocrx_word' id='word_1_177' title='bbox 770 2679 798 2712; x_wconf 89' lang='lat' dir='ltr'><strong>tr</strong></span> <span class='ocrx_word' id='word_1_178' title='bbox 807 2678 844 2731; x_wconf 83' lang='lat' dir='ltr'><strong>sq.</strong></span> 
     </span>
     <span class='ocr_line' id='line_1_26' title="bbox 331 2740 589 2812; baseline -0.012 -17"><span class='ocrx_word' id='word_1_179' title='bbox 331 2759 413 2809; x_wconf 76' lang='lat' dir='ltr'><strong>xxtu,</strong></span> <span class='ocrx_word' id='word_1_180' title='bbox 428 2744 487 2812; x_wconf 87' lang='lat' dir='ltr'><strong>8sq.</strong></span> <span class='ocrx_word' id='word_1_181' title='bbox 501 2740 589 2793; x_wconf 69' lang='lat' dir='ltr'><strong>Rutu.</strong></span> 
     </span>
    </p>

    <p class='ocr_par' dir='ltr' id='par_1_6' title="bbox 365 2815 845 2887">
     <span class='ocr_line' id='line_1_27' title="bbox 365 2815 845 2887; baseline -0.002 -16"><span class='ocrx_word' id='word_1_182' title='bbox 365 2842 387 2873; x_wconf 77' lang='lat' dir='ltr'><strong>a.</strong></span> <span class='ocrx_word' id='word_1_183' title='bbox 404 2820 605 2883; x_wconf 81' lang='lat' dir='ltr'><strong>Loncinamus,</strong></span> <span class='ocrx_word' id='word_1_184' title='bbox 630 2815 785 2887; x_wconf 85' lang='lat' dir='ltr'><strong>dividimus,</strong></span> <span class='ocrx_word' id='word_1_185' title='bbox 800 2837 845 2870; x_wconf 86' lang='lat' dir='ltr'><strong>se-</strong></span> 
     </span>
    </p>
   </div>
   <div class='ocr_carea' id='block_1_6' title="bbox 332 2897 559 2974">
    <p class='ocr_par' dir='ltr' id='par_1_7' title="bbox 332 2897 559 2974">
     <span class='ocr_line' id='line_1_28' title="bbox 332 2897 559 2974; baseline -0.022 -22"><span class='ocrx_word' id='word_1_186' title='bbox 332 2918 459 2974; x_wconf 82' lang='lat' dir='ltr'><strong>paramus.</strong></span> <span class='ocrx_word' id='word_1_187' title='bbox 470 2897 559 2950; x_wconf 80' lang='lat' dir='ltr'><strong>thdlt.</strong></span> 
     </span>
    </p>
   </div>
   <div class='ocr_carea' id='block_1_7' title="bbox 297 2976 847 4301">
    <p class='ocr_par' dir='ltr' id='par_1_8' title="bbox 332 2976 847 3285">
     <span class='ocr_line' id='line_1_29' title="bbox 364 2976 845 3029; baseline -0.008 0"><span class='ocrx_word' id='word_1_188' title='bbox 364 2977 389 3029; x_wconf 83' lang='lat'><strong>3.</strong></span> <span class='ocrx_word' id='word_1_189' title='bbox 401 2978 590 3029; x_wconf 69' lang='lat' dir='ltr'><strong>consummare</strong></span> <span class='ocrx_word' id='word_1_190' title='bbox 602 2976 685 3025; x_wconf 79' lang='lat' dir='ltr'><strong>vitam</strong></span> <span class='ocrx_word' id='word_1_191' title='bbox 700 2983 845 3025; x_wconf 75' lang='lat' dir='ltr'><strong>antemor-</strong></span> 
     </span>
     <span class='ocr_line' id='line_1_30' title="bbox 335 3049 846 3119; baseline -0.012 -11"><span class='ocrx_word' id='word_1_192' title='bbox 335 3067 400 3108; x_wconf 81' lang='lat' dir='ltr'><strong>tem:</strong></span> <span class='ocrx_word' id='word_1_193' title='bbox 413 3052 440 3104; x_wconf 87' lang='lat' dir='ltr'><strong>id</strong></span> <span class='ocrx_word' id='word_1_194' title='bbox 459 3063 508 3118; x_wconf 87' lang='lat' dir='ltr'><strong>est,</strong></span> <span class='ocrx_word' id='word_1_195' title='bbox 529 3050 564 3101; x_wconf 79' lang='lat' dir='ltr'><strong>its</strong></span> <span class='ocrx_word' id='word_1_196' title='bbox 583 3050 664 3102; x_wconf 75' lang='lat' dir='ltr'><strong>lacere</strong></span> <span class='ocrx_word' id='word_1_197' title='bbox 682 3063 711 3101; x_wconf 91' lang='lat' dir='ltr'><strong>ut</strong></span> <span class='ocrx_word' id='word_1_198' title='bbox 726 3050 776 3119; x_wconf 77' lang='lat' dir='ltr'><strong>jam</strong></span> <span class='ocrx_word' id='word_1_199' title='bbox 788 3049 846 3102; x_wconf 78' lang='lat' dir='ltr'><strong>satis</strong></span> 
     </span>
     <span class='ocr_line' id='line_1_31' title="bbox 332 3126 847 3199; baseline -0.01 -16"><span class='ocrx_word' id='word_1_200' title='bbox 332 3131 480 3194; x_wconf 80' lang='lat' dir='ltr'><strong>vixerimus,</strong></span> <span class='ocrx_word' id='word_1_201' title='bbox 495 3148 574 3199; x_wconf 84' lang='lat' dir='ltr'><strong>quum</strong></span> <span class='ocrx_word' id='word_1_202' title='bbox 586 3126 701 3180; x_wconf 84' lang='lat' dir='ltr'><strong>nondum</strong></span> <span class='ocrx_word' id='word_1_203' title='bbox 715 3146 783 3179; x_wconf 88' lang='lat' dir='ltr'><strong>mors</strong></span> <span class='ocrx_word' id='word_1_204' title='bbox 797 3146 847 3199; x_wconf 92' lang='lat' dir='ltr'><strong>ap-</strong></span> 
     </span>
     <span class='ocr_line' id='line_1_32' title="bbox 334 3203 831 3285; baseline -0.012 -20"><span class='ocrx_word' id='word_1_205' title='bbox 334 3223 428 3285; x_wconf 80' lang='lat' dir='ltr'><strong>pareat.</strong></span> <span class='ocrx_word' id='word_1_206' title='bbox 825 3203 831 3216; x_wconf 80' lang='grc'><strong>’</strong></span> 
     </span>
    </p>

    <p class='ocr_par' dir='ltr' id='par_1_9' title="bbox 326 3282 845 4137">
     <span class='ocr_line' id='line_1_33' title="bbox 365 3282 844 3357; baseline -0.013 -16"><span class='ocrx_word' id='word_1_207' title='bbox 365 3292 388 3357; x_wconf 66' lang='lat'><strong>4.</strong></span> <span class='ocrx_word' id='word_1_208' title='bbox 396 3284 542 3341; x_wconf 80' lang='lat' dir='ltr'><strong>Innitisibi.</strong></span> <span class='ocrx_word' id='word_1_209' title='bbox 553 3282 623 3334; x_wconf 88' lang='lat' dir='ltr'><strong>Olim</strong></span> <span class='ocrx_word' id='word_1_210' title='bbox 632 3283 687 3335; x_wconf 90' lang='lat' dir='ltr'><strong>edd.</strong></span> <span class='ocrx_word' id='word_1_211' title='bbox 699 3304 756 3335; x_wconf 86' lang='lat' dir='ltr'><strong>rum</strong></span> <span class='ocrx_word' id='word_1_212' title='bbox 763 3284 844 3336; x_wconf 78' lang='lat' dir='ltr'><strong>mestis</strong></span> 
     </span>
     <span class='ocr_line' id='line_1_34' title="bbox 332 3360 845 3433; baseline -0.012 -12"><span class='ocrx_word' id='word_1_213' title='bbox 332 3362 628 3427; x_wconf 79' lang='lat' dir='ltr'><strong>omnibus,nthi1sibt,·</strong></span> <span class='ocrx_word' id='word_1_214' title='bbox 652 3382 708 3433; x_wconf 84' lang='lat' dir='ltr'><strong>quae</strong></span> <span class='ocrx_word' id='word_1_215' title='bbox 730 3360 806 3414; x_wconf 80' lang='lat' dir='ltr'><strong>verba</strong></span> <span class='ocrx_word' id='word_1_216' title='bbox 829 3384 845 3415; x_wconf 79' lang='lat' dir='ltr'><strong>s</strong></span> 
     </span>
     <span class='ocr_line' id='line_1_35' title="bbox 331 3438 844 3511; baseline -0.012 -12"><span class='ocrx_word' id='word_1_217' title='bbox 331 3438 844 3511; x_wconf 76' lang='lat' dir='ltr'><strong>Mureloabjectarevocsvitlluhlr.Equi·</strong></span> 
     </span>
     <span class='ocr_line' id='line_1_36' title="bbox 332 3520 843 3593; baseline -0.008 -14"><span class='ocrx_word' id='word_1_218' title='bbox 332 3526 391 3579; x_wconf 82' lang='lat' dir='ltr'><strong>dem</strong></span> <span class='ocrx_word' id='word_1_219' title='bbox 412 3523 487 3575; x_wconf 87' lang='lat' dir='ltr'><strong>unice</strong></span> <span class='ocrx_word' id='word_1_220' title='bbox 507 3520 612 3593; x_wconf 80' lang='lat' dir='ltr'><strong>probavi</strong></span> <span class='ocrx_word' id='word_1_221' title='bbox 633 3521 759 3574; x_wconf 84' lang='lat' dir='ltr'><strong>Gronovii</strong></span> <span class='ocrx_word' id='word_1_222' title='bbox 781 3542 843 3575; x_wconf 82' lang='lat' dir='ltr'><strong>eon-</strong></span> 
     </span>
     <span class='ocr_line' id='line_1_37' title="bbox 332 3600 842 3677; baseline -0.01 -20"><span class='ocrx_word' id='word_1_223' title='bbox 332 3606 480 3677; x_wconf 72' lang='lat' dir='ltr'><strong>jecturem,</strong></span> <span class='ocrx_word' id='word_1_224' title='bbox 505 3602 583 3652; x_wconf 82' lang='lat' dir='ltr'><strong>inniti</strong></span> <span class='ocrx_word' id='word_1_225' title='bbox 608 3602 666 3653; x_wconf 80' lang='lat' dir='ltr'><strong>sibi.</strong></span> <span class='ocrx_word' id='word_1_226' title='bbox 692 3600 734 3652; x_wconf 89' lang='lat' dir='ltr'><strong>Sic</strong></span> <span class='ocrx_word' id='word_1_227' title='bbox 761 3601 842 3673; x_wconf 86' lang='lat' dir='ltr'><strong>Epist.</strong></span> 
     </span>
     <span class='ocr_line' id='line_1_38' title="bbox 329 3677 843 3743; baseline -0.014 -7"><span class='ocrx_word' id='word_1_228' title='bbox 329 3696 439 3741; x_wconf 83' lang='lat' dir='ltr'><strong>xxxur,</strong></span> <span class='ocrx_word' id='word_1_229' title='bbox 460 3677 512 3730; x_wconf 70' lang='lat' dir='ltr'><strong>sihi</strong></span> <span class='ocrx_word' id='word_1_230' title='bbox 528 3680 588 3743; x_wconf 80' lang='lat' dir='ltr'><strong>jam</strong></span> <span class='ocrx_word' id='word_1_231' title='bbox 609 3680 755 3742; x_wconf 66' lang='lat' dir='ltr'><strong>limitatur,-</strong></span> <span class='ocrx_word' id='word_1_232' title='bbox 768 3692 843 3743; x_wconf 83' lang='lat' dir='ltr'><strong>xcu,</strong></span> 
     </span>
     <span class='ocr_line' id='line_1_39' title="bbox 329 3755 844 3827; baseline -0.008 -17"><span class='ocrx_word' id='word_1_233' title='bbox 329 3780 361 3813; x_wconf 85' lang='lat' dir='ltr'><strong>ne</strong></span> <span class='ocrx_word' id='word_1_234' title='bbox 372 3760 422 3811; x_wconf 79' lang='lat' dir='ltr'><strong>ulti</strong></span> <span class='ocrx_word' id='word_1_235' title='bbox 431 3757 534 3827; x_wconf 80' lang='lat' dir='ltr'><strong>quidem</strong></span> <span class='ocrx_word' id='word_1_236' title='bbox 545 3757 596 3807; x_wconf 83' lang='lat' dir='ltr'><strong>nisi</strong></span> <span class='ocrx_word' id='word_1_237' title='bbox 604 3755 657 3808; x_wconf 80' lang='lat' dir='ltr'><strong>sibi</strong></span> <span class='ocrx_word' id='word_1_238' title='bbox 668 3766 705 3807; x_wconf 86' lang='lat' dir='ltr'><strong>est</strong></span> <span class='ocrx_word' id='word_1_239' title='bbox 715 3758 844 3820; x_wconf 41' lang='lat' dir='ltr'><strong>innisum·</strong></span> 
     </span>
     <span class='ocr_line' id='line_1_40' title="bbox 330 3830 843 3917; baseline -0.012 -27"><span class='ocrx_word' id='word_1_240' title='bbox 330 3858 381 3917; x_wconf 76' lang='lat' dir='ltr'><strong>quo</strong></span> <span class='ocrx_word' id='word_1_241' title='bbox 395 3846 487 3909; x_wconf 77' lang='lat' dir='ltr'><strong>spectat</strong></span> <span class='ocrx_word' id='word_1_242' title='bbox 502 3844 525 3885; x_wconf 86' lang='lat' dir='ltr'><strong>et</strong></span> <span class='ocrx_word' id='word_1_243' title='bbox 537 3831 564 3884; x_wconf 88' lang='lat' dir='ltr'><strong>id</strong></span> <span class='ocrx_word' id='word_1_244' title='bbox 577 3832 643 3901; x_wconf 79' lang='lat' dir='ltr'><strong>quod</strong></span> <span class='ocrx_word' id='word_1_245' title='bbox 658 3854 717 3886; x_wconf 84' lang='lat' dir='ltr'><strong>mox</strong></span> <span class='ocrx_word' id='word_1_246' title='bbox 728 3830 776 3885; x_wconf 86' lang='lat' dir='ltr'><strong>hac</strong></span> <span class='ocrx_word' id='word_1_247' title='bbox 795 3853 843 3885; x_wconf 91' lang='lat' dir='ltr'><strong>ea-</strong></span> 
     </span>
     <span class='ocr_line' id='line_1_41' title="bbox 330 3912 845 3988; baseline -0.002 -19"><span class='ocrx_word' id='word_1_248' title='bbox 330 3916 388 3969; x_wconf 89' lang='lat' dir='ltr'><strong>dem</strong></span> <span class='ocrx_word' id='word_1_249' title='bbox 406 3914 483 3988; x_wconf 87' lang='lat' dir='ltr'><strong>Epist.</strong></span> <span class='ocrx_word' id='word_1_250' title='bbox 503 3912 556 3977; x_wconf 80' lang='lat' dir='ltr'><strong>sit,</strong></span> <span class='ocrx_word' id='word_1_251' title='bbox 574 3931 647 3965; x_wconf 84' lang='lat' dir='ltr'><strong>nemo</strong></span> <span class='ocrx_word' id='word_1_252' title='bbox 662 3914 714 3965; x_wconf 77' lang='lat' dir='ltr'><strong>sibi</strong></span> <span class='ocrx_word' id='word_1_253' title='bbox 733 3917 845 3983; x_wconf 71' lang='lat' dir='ltr'><strong>contigit.</strong></span> 
     </span>
     <span class='ocr_line' id='line_1_42' title="bbox 329 3988 844 4062; baseline 0.004 -20"><span class='ocrx_word' id='word_1_254' title='bbox 329 3994 409 4048; x_wconf 66' lang='lat' dir='ltr'><strong>Schts.</strong></span> <span class='ocrx_word' id='word_1_255' title='bbox 416 4018 450 4032; x_wconf 92' lang='lat'><strong>·-</strong></span> <span class='ocrx_word' id='word_1_256' title='bbox 459 3991 502 4043; x_wconf 89' lang='lat' dir='ltr'><strong>Sic</strong></span> <span class='ocrx_word' id='word_1_257' title='bbox 512 3988 594 4042; x_wconf 79' lang='lat' dir='ltr'><strong>Schw.</strong></span> <span class='ocrx_word' id='word_1_258' title='bbox 606 4003 631 4041; x_wconf 85' lang='lat' dir='ltr'><strong>at</strong></span> <span class='ocrx_word' id='word_1_259' title='bbox 640 3988 724 4043; x_wconf 77' lang='lat' dir='ltr'><strong>Ruht.</strong></span> <span class='ocrx_word' id='word_1_260' title='bbox 733 3990 778 4062; x_wconf 89' lang='lat' dir='ltr'><strong>qui</strong></span> <span class='ocrx_word' id='word_1_261' title='bbox 789 3991 844 4044; x_wconf 87' lang='lat' dir='ltr'><strong>edi-</strong></span> 
     </span>
     <span class='ocr_line' id='line_1_43' title="bbox 326 4070 843 4137; baseline -0.002 -12"><span class='ocrx_word' id='word_1_262' title='bbox 326 4073 386 4137; x_wconf 89' lang='lat' dir='ltr'><strong>dit,</strong></span> <span class='ocrx_word' id='word_1_263' title='bbox 398 4070 465 4124; x_wconf 71' lang='lat' dir='ltr'><strong>attat</strong></span> <span class='ocrx_word' id='word_1_264' title='bbox 475 4070 528 4121; x_wconf 78' lang='lat' dir='ltr'><strong>m&#39;si</strong></span> <span class='ocrx_word' id='word_1_265' title='bbox 537 4105 544 4132; x_wconf 88' lang='lat'><strong>,</strong></span> <span class='ocrx_word' id='word_1_266' title='bbox 566 4072 593 4119; x_wconf 83' lang='lat' dir='ltr'><strong>iu</strong></span> <span class='ocrx_word' id='word_1_267' title='bbox 603 4073 768 4137; x_wconf 81' lang='lat' dir='ltr'><strong>possessione</strong></span> <span class='ocrx_word' id='word_1_268' title='bbox 779 4070 803 4123; x_wconf 82' lang='lat' dir='ltr'><strong>d·</strong></span> <span class='ocrx_word' id='word_1_269' title='bbox 818 4092 843 4124; x_wconf 86' lang='grc' dir='ltr'><strong>υ.</strong></span> 
     </span>
    </p>

    <p class='ocr_par' dir='ltr' id='par_1_10' title="bbox 297 4145 844 4301">
     <span class='ocr_line' id='line_1_44' title="bbox 297 4145 844 4221; baseline 0.004 -20"><span class='ocrx_word' id='word_1_270' title='bbox 297 4160 305 4175; x_wconf 75' lang='grc'><strong>“</strong></span> <span class='ocrx_word' id='word_1_271' title='bbox 326 4171 355 4221; x_wconf 84' lang='lat' dir='ltr'><strong>p.</strong></span> <span class='ocrx_word' id='word_1_272' title='bbox 375 4147 500 4201; x_wconf 87' lang='lat' dir='ltr'><strong>Omnium</strong></span> <span class='ocrx_word' id='word_1_273' title='bbox 520 4145 593 4199; x_wconf 88' lang='lat' dir='ltr'><strong>codd.</strong></span> <span class='ocrx_word' id='word_1_274' title='bbox 617 4146 718 4217; x_wconf 85' lang='lat' dir='ltr'><strong>iuquit,</strong></span> <span class='ocrx_word' id='word_1_275' title='bbox 743 4160 768 4201; x_wconf 90' lang='lat' dir='ltr'><strong>et</strong></span> <span class='ocrx_word' id='word_1_276' title='bbox 784 4162 844 4203; x_wconf 84' lang='lat' dir='ltr'><strong>vett.</strong></span> 
     </span>
     <span class='ocr_line' id='line_1_45' title="bbox 330 4224 844 4301; baseline 0.002 -23"><span class='ocrx_word' id='word_1_277' title='bbox 330 4228 386 4280; x_wconf 83' lang='lat' dir='ltr'><strong>cdd.</strong></span> <span class='ocrx_word' id='word_1_278' title='bbox 398 4228 474 4281; x_wconf 86' lang='lat' dir='ltr'><strong>lectio</strong></span> <span class='ocrx_word' id='word_1_279' title='bbox 485 4236 528 4292; x_wconf 86' lang='lat' dir='ltr'><strong>est,</strong></span> <span class='ocrx_word' id='word_1_280' title='bbox 539 4236 561 4275; x_wconf 84' lang='lat' dir='ltr'><strong>tt</strong></span> <span class='ocrx_word' id='word_1_281' title='bbox 574 4246 602 4278; x_wconf 83' lang='lat' dir='ltr'><strong>ea</strong></span> <span class='ocrx_word' id='word_1_282' title='bbox 609 4238 667 4297; x_wconf 91' lang='lat' dir='ltr'><strong>puto</strong></span> <span class='ocrx_word' id='word_1_283' title='bbox 674 4224 751 4292; x_wconf 85' lang='lat' dir='ltr'><strong>bona,</strong></span> <span class='ocrx_word' id='word_1_284' title='bbox 761 4246 844 4301; x_wconf 82' lang='lat' dir='ltr'><strong>qusn-</strong></span> 
     </span>
    </p>
   </div>
   <div class='ocr_carea' id='block_1_8' title="bbox 893 2978 1418 4297">
    <p class='ocr_par' dir='ltr' id='par_1_11' title="bbox 893 2978 1418 3981">
     <span class='ocr_line' id='line_1_46' title="bbox 895 2978 1417 3051; baseline 0.008 -22"><span class='ocrx_word' id='word_1_285' title='bbox 895 2978 1052 3044; x_wconf 86' lang='lat' dir='ltr'><strong>continetur,</strong></span> <span class='ocrx_word' id='word_1_286' title='bbox 1071 2980 1140 3049; x_wconf 89' lang='lat' dir='ltr'><strong>quod</strong></span> <span class='ocrx_word' id='word_1_287' title='bbox 1151 2981 1237 3033; x_wconf 78' lang='lat' dir='ltr'><strong>beatus</strong></span> <span class='ocrx_word' id='word_1_288' title='bbox 1249 2979 1327 3031; x_wconf 89' lang='lat' dir='ltr'><strong>homo</strong></span> <span class='ocrx_word' id='word_1_289' title='bbox 1340 3019 1348 3047; x_wconf 89' lang='lat'><strong>,</strong></span> <span class='ocrx_word' id='word_1_290' title='bbox 1360 2982 1417 3051; x_wconf 86' lang='lat' dir='ltr'><strong>qni</strong></span> 
     </span>
     <span class='ocr_line' id='line_1_47' title="bbox 895 3057 1418 3129; baseline 0.01 -22"><span class='ocrx_word' id='word_1_291' title='bbox 895 3057 973 3109; x_wconf 85' lang='lat' dir='ltr'><strong>vitam</strong></span> <span class='ocrx_word' id='word_1_292' title='bbox 985 3072 1043 3111; x_wconf 87' lang='lat' dir='ltr'><strong>ante</strong></span> <span class='ocrx_word' id='word_1_293' title='bbox 1061 3071 1169 3112; x_wconf 86' lang='lat' dir='ltr'><strong>mortem</strong></span> <span class='ocrx_word' id='word_1_294' title='bbox 1179 3059 1228 3129; x_wconf 82' lang='lat' dir='ltr'><strong>jam</strong></span> <span class='ocrx_word' id='word_1_295' title='bbox 1240 3080 1418 3112; x_wconf 83' lang='lat' dir='ltr'><strong>consumma-</strong></span> 
     </span>
     <span class='ocr_line' id='line_1_48' title="bbox 896 3135 1416 3209; baseline 0.008 -25"><span class='ocrx_word' id='word_1_296' title='bbox 896 3135 960 3186; x_wconf 81' lang='lat' dir='ltr'><strong>verit</strong></span> <span class='ocrx_word' id='word_1_297' title='bbox 971 3175 978 3202; x_wconf 88' lang='lat'><strong>,</strong></span> <span class='ocrx_word' id='word_1_298' title='bbox 994 3138 1104 3205; x_wconf 64' lang='grc' dir='ltr'><strong>ἂπαθιῖᾳ</strong></span> <span class='ocrx_word' id='word_1_299' title='bbox 1114 3137 1162 3189; x_wconf 89' lang='lat' dir='ltr'><strong>ista</strong></span> <span class='ocrx_word' id='word_1_300' title='bbox 1172 3157 1271 3207; x_wconf 85' lang='lat' dir='ltr'><strong>prorsus</strong></span> <span class='ocrx_word' id='word_1_301' title='bbox 1288 3138 1416 3209; x_wconf 68' lang='lat' dir='ltr'><strong>preditus</strong></span> 
     </span>
     <span class='ocr_line' id='line_1_49' title="bbox 894 3211 1417 3286; baseline 0.004 -25"><span class='ocrx_word' id='word_1_302' title='bbox 894 3211 1019 3281; x_wconf 84' lang='lat' dir='ltr'><strong>reliquam</strong></span> <span class='ocrx_word' id='word_1_303' title='bbox 1030 3214 1147 3285; x_wconf 84' lang='lat' dir='ltr'><strong>temporis</strong></span> <span class='ocrx_word' id='word_1_304' title='bbox 1157 3213 1223 3286; x_wconf 81' lang='lat' dir='ltr'><strong>ipsis</strong></span> <span class='ocrx_word' id='word_1_305' title='bbox 1232 3226 1321 3265; x_wconf 81' lang='lat' dir='ltr'><strong>natura</strong></span> <span class='ocrx_word' id='word_1_306' title='bbox 1332 3212 1417 3265; x_wconf 81' lang='lat' dir='ltr'><strong>desti·</strong></span> 
     </span>
     <span class='ocr_line' id='line_1_50' title="bbox 893 3289 1416 3364; baseline 0.004 -25"><span class='ocrx_word' id='word_1_307' title='bbox 893 3289 946 3340; x_wconf 79' lang='lat' dir='ltr'><strong>nati</strong></span> <span class='ocrx_word' id='word_1_308' title='bbox 964 3303 1059 3361; x_wconf 76' lang='lat' dir='ltr'><strong>portem</strong></span> <span class='ocrx_word' id='word_1_309' title='bbox 1077 3302 1212 3364; x_wconf 82' lang='lat' dir='ltr'><strong>exspertet;</strong></span> <span class='ocrx_word' id='word_1_310' title='bbox 1236 3290 1302 3343; x_wconf 89' lang='lat' dir='ltr'><strong>nihil</strong></span> <span class='ocrx_word' id='word_1_311' title='bbox 1320 3303 1416 3342; x_wconf 85' lang='lat' dir='ltr'><strong>tamen</strong></span> 
     </span>
     <span class='ocr_line' id='line_1_51' title="bbox 894 3366 1416 3441; baseline 0.008 -25"><span class='ocrx_word' id='word_1_312' title='bbox 894 3367 1002 3439; x_wconf 80' lang='lat' dir='ltr'><strong>amplius</strong></span> <span class='ocrx_word' id='word_1_313' title='bbox 1021 3366 1070 3419; x_wconf 90' lang='lat' dir='ltr'><strong>sibi</strong></span> <span class='ocrx_word' id='word_1_314' title='bbox 1093 3368 1262 3441; x_wconf 68' lang='lat' dir='ltr'><strong>prestolatur,</strong></span> <span class='ocrx_word' id='word_1_315' title='bbox 1284 3368 1336 3419; x_wconf 80' lang='lat' dir='ltr'><strong>isto</strong></span> <span class='ocrx_word' id='word_1_316' title='bbox 1360 3386 1416 3421; x_wconf 87' lang='lat' dir='ltr'><strong>suo</strong></span> 
     </span>
     <span class='ocr_line' id='line_1_52' title="bbox 893 3444 1414 3516; baseline 0.004 -22"><span class='ocrx_word' id='word_1_317' title='bbox 893 3455 993 3497; x_wconf 85' lang='lat' dir='ltr'><strong>terreno</strong></span> <span class='ocrx_word' id='word_1_318' title='bbox 1014 3446 1085 3514; x_wconf 78' lang='lat' dir='ltr'><strong>quasi</strong></span> <span class='ocrx_word' id='word_1_319' title='bbox 1107 3458 1299 3516; x_wconf 82' lang='lat' dir='ltr'><strong>consummato,</strong></span> <span class='ocrx_word' id='word_1_320' title='bbox 1318 3444 1414 3515; x_wconf 80' lang='lat' dir='ltr'><strong>itaque</strong></span> 
     </span>
     <span class='ocr_line' id='line_1_53' title="bbox 893 3522 1415 3597; baseline 0.004 -23"><span class='ocrx_word' id='word_1_321' title='bbox 893 3522 966 3575; x_wconf 83' lang='lat' dir='ltr'><strong>nullo</strong></span> <span class='ocrx_word' id='word_1_322' title='bbox 974 3544 1058 3577; x_wconf 88' lang='lat' dir='ltr'><strong>rerum</strong></span> <span class='ocrx_word' id='word_1_323' title='bbox 1067 3527 1133 3577; x_wconf 82' lang='lat' dir='ltr'><strong>extra</strong></span> <span class='ocrx_word' id='word_1_324' title='bbox 1142 3546 1167 3577; x_wconf 86' lang='lat' dir='ltr'><strong>se</strong></span> <span class='ocrx_word' id='word_1_325' title='bbox 1175 3525 1308 3597; x_wconf 76' lang='lat' dir='ltr'><strong>positarum</strong></span> <span class='ocrx_word' id='word_1_326' title='bbox 1316 3543 1415 3576; x_wconf 85' lang='lat' dir='ltr'><strong>amore</strong></span> 
     </span>
     <span class='ocr_line' id='line_1_54' title="bbox 894 3600 1416 3670; baseline 0.008 -19"><span class='ocrx_word' id='word_1_327' title='bbox 894 3613 936 3652; x_wconf 90' lang='lat' dir='ltr'><strong>aut</strong></span> <span class='ocrx_word' id='word_1_328' title='bbox 958 3600 1083 3654; x_wconf 87' lang='lat' dir='ltr'><strong>desiderio</strong></span> <span class='ocrx_word' id='word_1_329' title='bbox 1095 3601 1216 3654; x_wconf 87' lang='lat' dir='ltr'><strong>trahatur.</strong></span> <span class='ocrx_word' id='word_1_330' title='bbox 1235 3601 1331 3652; x_wconf 76' lang='lat' dir='ltr'><strong>Omnis</strong></span> <span class='ocrx_word' id='word_1_331' title='bbox 1346 3620 1416 3670; x_wconf 77' lang='lat' dir='ltr'><strong>quae</strong></span> 
     </span>
     <span class='ocr_line' id='line_1_55' title="bbox 893 3679 1416 3753; baseline -0.004 -22"><span class='ocrx_word' id='word_1_332' title='bbox 893 3680 1013 3731; x_wconf 79' lang='lat' dir='ltr'><strong>eveniant</strong></span> <span class='ocrx_word' id='word_1_333' title='bbox 1022 3720 1029 3746; x_wconf 91' lang='lat'><strong>,</strong></span> <span class='ocrx_word' id='word_1_334' title='bbox 1039 3700 1140 3732; x_wconf 87' lang='lat' dir='ltr'><strong>securus</strong></span> <span class='ocrx_word' id='word_1_335' title='bbox 1150 3679 1283 3753; x_wconf 83' lang='lat' dir='ltr'><strong>prospicit,</strong></span> <span class='ocrx_word' id='word_1_336' title='bbox 1297 3690 1323 3729; x_wconf 84' lang='lat' dir='ltr'><strong>et</strong></span> <span class='ocrx_word' id='word_1_337' title='bbox 1332 3698 1416 3747; x_wconf 86' lang='lat' dir='ltr'><strong>quo-</strong></span> 
     </span>
     <span class='ocr_line' id='line_1_56' title="bbox 893 3756 1415 3827; baseline 0 -19"><span class='ocrx_word' id='word_1_338' title='bbox 893 3757 1081 3827; x_wconf 87' lang='lat' dir='ltr'><strong>modocumque</strong></span> <span class='ocrx_word' id='word_1_339' title='bbox 1099 3757 1207 3821; x_wconf 78' lang='lat' dir='ltr'><strong>cadant,</strong></span> <span class='ocrx_word' id='word_1_340' title='bbox 1225 3756 1292 3808; x_wconf 88' lang='lat' dir='ltr'><strong>idem</strong></span> <span class='ocrx_word' id='word_1_341' title='bbox 1302 3775 1415 3826; x_wconf 83' lang='lat' dir='ltr'><strong>semper</strong></span> 
     </span>
     <span class='ocr_line' id='line_1_57' title="bbox 894 3836 1414 3909; baseline 0.004 -22"><span class='ocrx_word' id='word_1_342' title='bbox 894 3848 1042 3909; x_wconf 79' lang='lat' dir='ltr'><strong>permanet,</strong></span> <span class='ocrx_word' id='word_1_343' title='bbox 1060 3856 1120 3888; x_wconf 90' lang='lat' dir='ltr'><strong>nam</strong></span> <span class='ocrx_word' id='word_1_344' title='bbox 1133 3836 1161 3889; x_wconf 85' lang='lat' dir='ltr'><strong>in</strong></span> <span class='ocrx_word' id='word_1_345' title='bbox 1179 3836 1332 3909; x_wconf 83' lang='lat' dir='ltr'><strong>possessione</strong></span> <span class='ocrx_word' id='word_1_346' title='bbox 1343 3836 1414 3889; x_wconf 71' lang='lat' dir='ltr'><strong>vitae</strong></span> 
     </span>
     <span class='ocr_line' id='line_1_58' title="bbox 893 3912 1237 3981; baseline 0 -18"><span class='ocrx_word' id='word_1_347' title='bbox 893 3912 973 3967; x_wconf 77' lang='lat' dir='ltr'><strong>beatae</strong></span> <span class='ocrx_word' id='word_1_348' title='bbox 987 3914 1084 3981; x_wconf 85' lang='lat' dir='ltr'><strong>positus</strong></span> <span class='ocrx_word' id='word_1_349' title='bbox 1094 3927 1136 3966; x_wconf 79' lang='lat' dir='ltr'><strong>est.</strong></span> <span class='ocrx_word' id='word_1_350' title='bbox 1149 3914 1237 3967; x_wconf 66' lang='lat' dir='ltr'><strong>Rutu</strong></span> 
     </span>
    </p>

    <p class='ocr_par' dir='ltr' id='par_1_12' title="bbox 894 3990 1412 4221">
     <span class='ocr_line' id='line_1_59' title="bbox 926 3990 1410 4064; baseline -0.004 -20"><span class='ocrx_word' id='word_1_351' title='bbox 926 3995 949 4044; x_wconf 85' lang='lat'><strong>5.</strong></span> <span class='ocrx_word' id='word_1_352' title='bbox 963 3992 988 4045; x_wconf 90' lang='grc'><em>0</em></span> <span class='ocrx_word' id='word_1_353' title='bbox 1000 3994 1105 4063; x_wconf 80' lang='lat' dir='ltr'><strong>quando</strong></span> <span class='ocrx_word' id='word_1_354' title='bbox 1113 3993 1226 4053; x_wconf 83' lang='lat' dir='ltr'><strong>videbis,</strong></span> <span class='ocrx_word' id='word_1_355' title='bbox 1241 4002 1286 4043; x_wconf 87' lang='lat' dir='ltr'><strong>ete.</strong></span> <span class='ocrx_word' id='word_1_356' title='bbox 1298 3990 1410 4064; x_wconf 85' lang='lat' dir='ltr'><strong>Optime</strong></span> 
     </span>
     <span class='ocr_line' id='line_1_60' title="bbox 894 4070 1412 4142; baseline -0.006 -20"><span class='ocrx_word' id='word_1_357' title='bbox 894 4071 987 4122; x_wconf 85' lang='lat' dir='ltr'><strong>Noster</strong></span> <span class='ocrx_word' id='word_1_358' title='bbox 999 4071 1112 4142; x_wconf 79' lang='lat' dir='ltr'><strong>explanat</strong></span> <span class='ocrx_word' id='word_1_359' title='bbox 1125 4072 1182 4123; x_wconf 75' lang='lat' dir='ltr'><strong>Nat.</strong></span> <span class='ocrx_word' id='word_1_360' title='bbox 1196 4070 1245 4139; x_wconf 84' lang='lat' dir='ltr'><strong>Qu.</strong></span> <span class='ocrx_word' id='word_1_361' title='bbox 1258 4070 1285 4135; x_wconf 84' lang='lat' dir='ltr'><strong>l,</strong></span> <span class='ocrx_word' id='word_1_362' title='bbox 1299 4070 1412 4121; x_wconf 77' lang='lat' dir='ltr'><strong>Praefat.</strong></span> 
     </span>
     <span class='ocr_line' id='line_1_61' title="bbox 895 4149 1095 4221; baseline 0 -20"><span class='ocrx_word' id='word_1_363' title='bbox 895 4149 994 4221; x_wconf 70' lang='lat' dir='ltr'><strong>§dsqtp</strong></span> <span class='ocrx_word' id='word_1_364' title='bbox 1005 4150 1095 4203; x_wconf 65' lang='lat' dir='ltr'><strong>Ruth.</strong></span> 
     </span>
    </p>

    <p class='ocr_par' dir='ltr' id='par_1_13' title="bbox 927 4222 1412 4297">
     <span class='ocr_line' id='line_1_62' title="bbox 927 4222 1412 4297; baseline -0.012 -16"><span class='ocrx_word' id='word_1_365' title='bbox 927 4227 951 4281; x_wconf 77' lang='lat'><strong>6.</strong></span> <span class='ocrx_word' id='word_1_366' title='bbox 964 4227 1003 4280; x_wconf 80' lang='lat' dir='ltr'><strong>Ee</strong></span> <span class='ocrx_word' id='word_1_367' title='bbox 1016 4232 1042 4280; x_wconf 84' lang='lat' dir='ltr'><strong>in</strong></span> <span class='ocrx_word' id='word_1_368' title='bbox 1055 4248 1161 4285; x_wconf 78' lang='lat' dir='ltr'><strong>suenma</strong></span> <span class='ocrx_word' id='word_1_369' title='bbox 1170 4229 1209 4279; x_wconf 79' lang='lat' dir='ltr'><strong>tui</strong></span> <span class='ocrx_word' id='word_1_370' title='bbox 1221 4234 1271 4279; x_wconf 84' lang='lat' dir='ltr'><strong>sot.</strong></span> <span class='ocrx_word' id='word_1_371' title='bbox 1283 4222 1350 4279; x_wconf 87' lang='lat' dir='ltr'><strong>Dele</strong></span> <span class='ocrx_word' id='word_1_372' title='bbox 1362 4234 1412 4297; x_wconf 33' lang='lat' dir='ltr'><strong>et,-</strong></span> 
     </span>
    </p>
   </div>
   <div class='ocr_carea' id='block_1_9' title="bbox 0 0 1492 4992">
    <p class='ocr_par' dir='ltr' id='par_1_14' title="bbox 0 0 1492 4992">
     <span class='ocr_line' id='line_1_63' title="bbox 0 0 1492 4992; baseline 0 1"><span class='ocrx_word' id='word_1_373' title='bbox 0 0 1492 4992; x_wconf 95' lang='lat' dir='ltr'><strong> </strong></span> 
     </span>
    </p>
   </div>
  </div>
 </body>
</html>
