2975 4992
507 399 812 474 PRAEFATto.
1178 427 1198 495 7

120 547 281 630 exemplar
290 567 328 610 ex
335 545 507 629 antiquitate
515 545 605 608 nobis
614 543 939 611 transmissumheberi
946 543 1086 608 sebeon
1095 539 1197 625 Quid?

121 654 206 735 quod
218 653 298 716 baud
314 653 426 730 sciam,
443 673 483 714 an
498 650 615 716 Seneca
628 651 746 736 primus
760 665 791 713 et
807 671 884 712 nnus
900 649 931 713 in
945 661 1009 710 tota
1024 648 1198 730 antiquitate
1333 657 1336 670 '

121 760 215 822 luerit
228 773 335 824 sector
349 758 456 822 talium
471 758 668 842 epistolarum
681 753 1016 846 scribendarum0=Nam
1027 755 1085 821 etsi
1093 753 1200 817 Plato-
1255 789 1259 794 -

122 887 216 944 nem,
232 863 402 951 Epicurum
416 865 551 948 aliosque
566 865 661 928 edam
672 863 817 948 epistolas
832 861 1057 946 philosophicas
1070 883 1202 946 compu-

124 973 235 1050 suisse,
258 987 364 1036 tamen
380 993 442 1034 non
466 971 496 1034 id
521 971 617 1056 egisse
638 992 691 1034 eos
710 984 814 1054 patet,
834 970 967 1032 utilem
987 964 1201 1033 consiliumne
1274 957 1278 972 ’

125 1077 242 1144 Seneca
257 1081 376 1143 inirent.
388 1077 465 1162 Qua
479 1076 651 1144 observatio
665 1077 692 1140 si
704 1077 892 1161 voluptatem
903 1075 985 1140 hund
997 1075 1137 1160 exiguam
1152 1077 1201 1140 le·

125 1187 206 1268 genti
235 1185 361 1264 sileret,
386 1183 482 1248 alters
506 1205 543 1248 ex
564 1197 652 1268 perte
673 1203 735 1247 non
755 1185 866 1248 desunt
883 1204 951 1264 qim
966 1181 1068 1248 eidem
1080 1197 1201 1266 quoqne

126 1291 268 1355 fiduciam
281 1291 435 1374 eliquanto
449 1291 599 1372 majorem
610 1285 772 1366 instillent,
786 1287 980 1372 intelligenti,
995 1307 1101 1352 senem
1111 1301 1201 1370 atque
1221 1333 1225 1337 ,

126 1401 202 1462 adeo
218 1397 376 1460 bominem
391 1415 511 1462 summo
533 1395 602 1460 loeo
625 1396 836 1473 constitutum,
850 1393 1006 1476 multoque
1026 1415 1130 1457 rerum
1144 1415 1201 1458 usu

126 1519 155 1567 et
174 1503 336 1568 bominum
352 1503 461 1588 peritia
483 1504 662 1572 instructum
681 1503 738 1566 bas
760 1501 904 1587 epistolas
917 1500 1142 1585 composuisse,
1162 1521 1201 1566 eo

124 1615 203 1688 adeo
216 1613 363 1690 consilio,
380 1627 414 1676 ut
428 1613 558 1697 posteris
570 1613 716 1696 prodesse
728 1624 853 1696 possent
860 1624 881 1672 ¹.

164 1719 332 1804 Temporis
352 1720 452 1802 itaque
471 1719 502 1780 in
522 1739 582 1800 qno
603 1717 720 1801 scripte
738 1718 798 1780 sint
820 1716 1025 1781 definitionem
1040 1714 1202 1780 certamsi

125 1826 191 1908 quis
204 1823 276 1888 ind'e
288 1825 378 1890 facile
392 1823 499 1889 coelici
513 1845 603 1909 posse
616 1825 781 1908 putareris,
799 1823 881 1887 baud
893 1824 956 1888 seio
972 1844 1011 1886 an
1026 1835 1108 1886 recte
1121 1822 1203 1906 judi·

124 1933 259 2006 carerit,
277 1953 450 2016 quenquam
467 1947 498 1996 et
517 1929 637 2017 Lipsius
658 1933 691 1994 in
709 1930 823 2016 pretet.
837 1934 877 1996 ad
889 1931 945 1994 bas
958 1928 1114 2014 Epistolas
1132 1928 1203 1992 bule

121 2040 262 2124 opinioni
275 2040 425 2104 caleulum
441 2061 529 2104 sunm
543 2040 706 2123 adjecerit,
722 2059 829 2102 omnes
847 2058 917 2117 eas,
933 2037 1106 2113 ailimtans,
1122 2037 1203 2099 intra

125 2141 303 2218 biennium,
320 2139 506 2206 Consulibus
518 2139 669 2204 Memmio
679 2139 800 2226 Regulo
811 2154 842 2204 et
851 2139 992 2224 virginio
1001 2137 1100 2216 Ruso,
1111 2137 1204 2200 item·-

124 2269 184 2328 que
202 2244 339 2312 Lesanio
359 2260 390 2308 et
409 2243 550 2324 Licinio,
572 2265 601 2309 a.
614 2243 655 2308 U.
675 2243 712 2312 C·
729 2244 791 2310 816
809 2260 841 2309 et
858 2249 917 2331 617
932 2246 954 2310 i.
967 2267 995 2308 e.
1013 2245 1094 2310 baud
1113 2243 1204 2328 longe

124 2367 196 2416 aute
211 2351 335 2416 Senecae
349 2365 499 2430 mortem,
516 2374 580 2435 quae
594 2351 697 2416 incidit
708 2352 739 2414 in
754 2371 867 2438 annum
879 2351 921 2416 U.
934 2349 971 2416 C.
985 2350 1065 2428 818,
1079 2371 1204 2434 compo
1268 2375 1272 2382 ·

125 2460 200 2524 sitas
208 2457 388 2523 esse.Uniea
397 2471 498 2520 temen
506 2459 654 2542 temporis
662 2455 757 2522 finitio
766 2458 897 2522 occurrit
906 2458 979 2521 satis
986 2455 1205 2534 luculenta,cui

124 2563 240 2643 fidere,
253 2579 284 2629 et
296 2585 355 2646 qua
364 2566 403 2628 ad
413 2564 614 2628 dirimendam
626 2564 705 2630 banc
718 2565 805 2628 litem
816 2565 947 2629 utilicet.
959 2563 997 2626 ln
1008 2562 1070 2648 Ep.
1078 2579 1149 2638 xci,
1162 2563 1201 2643 l,

126 2669 189 2750 ugit
202 2663 319 2728 Seneca
330 2667 367 2730 tle
379 2665 537 2738 incendio,
549 2661 829 2748 qssoLugdunensis
837 2664 958 2728 colonia
966 2665 1109 2750 exstinctu
1120 2675 1203 2726 erate

128 2799 144 2826 κ
161 2769 245 2835 Huic
257 2771 405 2848 coloniae,
427 2771 523 2847 addit,
547 2770 587 2834 ab
602 2770 720 2854 ¹origine
737 2791 791 2834 sua
809 2771 989 2835 centesimus
999 2791 1093 2834 annus
1107 2783 1161 2833 est.
1174 2770 1205 2834 A

126 2877 243 2942 Planco
263 2880 389 2942 deducta
410 2878 442 2940 in
463 2876 543 2940 banc
562 2877 763 2960 frequentiam
778 2869 839 2942 loci
854 2878 1078 2964 opportunitate
1091 2899 1205 2942 conra-

127 2984 193 3046 luit.
205 3011 221 3038 υ
232 2983 308 3046 Jam
321 3005 415 3068 quum
425 2997 541 3047 eertum
551 2983 605 3060 sit,
617 2982 798 3069 Lugdunum
807 2984 839 3047 iu
848 2983 950 3048 Gabia
959 2981 1076 3049 Celtica
1086 3006 1110 3049 s»
1120 2979 1206 3070 Lng-

128 3090 275 3166 tlnueosi,
288 3110 310 3151 a
319 3085 436 3172 Lepido
448 3102 478 3152 et
486 3086 524 3150 L.
534 3088 648 3154 Planco
660 3091 813 3154 eonditum
825 3111 909 3168 esse,
920 3104 954 3176 ut
966 3088 1155 3154 Viennenses
1165 3090 1206 3154 ab

128 3194 498 3279 Allobrogibuseserlibus
504 3196 584 3278 pulsi
591 3195 739 3260 haberent
746 3197 798 3258 ubi
806 3191 1075 3274 babitarent,a.U.
1083 3193 1121 3261 C.
1132 3218 1203 3280 γιις

129 3315 320 3366 memorante
330 3301 424 3364 Dion.
437 3300 524 3366 Cass.
535 3319 626 3376 vat,
638 3303 678 3367 50
688 3329 697 3376 ς
708 3304 827 3368 nullum
836 3304 1013 3368 dubitationi
1023 3304 1125 3366 locum
1139 3325 1205 3367 esse

130 3423 252 3492 putem,
267 3409 340 3490 quin
355 3409 401 3470 bae
416 3409 548 3493 epistolae
562 3431 613 3472 sex
629 3395 783 3494 septemve
800 3412 887 3474 annis
902 3425 971 3474 ante
986 3409 1108 3476 Senecae
1118 3432 1206 3476 mon-

130 3529 193 3577 tem
206 3515 322 3599 scriptae
336 3515 403 3578 sint.
415 3512 537 3578 Lubens
551 3516 658 3579 omitto
673 3531 782 3582 caetera
795 3518 943 3604 temporis
952 3519 1081 3600 indicia,
1093 3519 1206 3604 quippe

130 3622 266 3697 leviora,
282 3643 373 3702 quam
386 3635 418 3683 ut
432 3622 468 3685 iis
482 3623 526 3683 nti
539 3622 635 3706 possis
643 3635 665 3685 ¹.

170 3726 279 3790 lncidit
297 3728 387 3812 igitur
405 3727 464 3790 hoc
483 3728 653 3792 litterarum
674 3730 909 3807 commercium,
932 3732 958 3794 si
979 3746 1080 3796 tamen
1095 3754 1206 3796 rerum

164 3969 1092 4044 ¹smemtuioe,ip·esitctsspp.x11,1;xxr1,1;xxxrv,1;ese.

163 4063 279 4132 ²Quum
296 4061 365 4114 enim
384 4063 431 4136 Ep.
449 4078 519 4117 xxm
537 4055 644 4136 hienis,
659 4064 794 4136 Ep.nxv11
810 4065 865 4119 init.
882 4068 964 4133 veris,
979 4069 1027 4142 Ep.
1044 4084 1157 4138 lxxxvi,
1177 4073 1207 4137 14

130 4153 145 4204 J
148 4151 217 4214 unii,
227 4163 253 4204 et
262 4152 310 4224 Ep.
323 4167 373 4206 tu
384 4151 457 4226 longi
467 4151 595 4208 intervelli
605 4153 730 4222 meminit,
739 4168 795 4228 post
805 4157 873 4228 qnod
884 4159 1019 4234 Pompeios
1030 4160 1133 4230 viderit,
1143 4182 1207 4233 quos

131 4245 177 4316 Ep.
184 4259 250 4296 xllx
260 4264 275 4298 s
284 4263 309 4296 se
319 4257 461 4317 conspectos
470 4245 586 4312 nunciat,
604 4243 668 4297 nihil
677 4245 738 4299 certi
754 4246 812 4301 inrle
822 4249 855 4301 arl
866 4249 991 4320 liqssidum
1003 4251 1090 4327 colligi
1103 4266 1190 4326 potest.
1461 4218 1473 4519 ⁴
