2975 4992
311 384 353 425 ιι
477 312 481 323 ’
571 352 604 424 ι.
629 351 1119 425 scuwsrsusnsnm

309 499 497 581 interjectum
519 497 638 584 legitur.
662 497 738 562 Mox
770 521 843 562 vero
870 512 972 561 rursus
1001 519 1078 560 nora
1104 498 1298 574 lacesses,
1327 517 1402 558 non

309 604 431 685 quidem
450 605 518 666 inde
538 617 608 668 nata
628 608 710 687 quod
729 608 767 668 de
784 607 893 667 eodem
912 619 1016 667 nostro
1032 605 1135 668 codice
1149 604 1276 685 aliquid,
1301 605 1401 684 quod

246 693 251 705 ’
310 709 386 771 olim
408 709 441 769 in
461 709 516 770 illo
537 709 643 772 luisset
655 711 925 794 comprehensum,
941 711 1153 784 intercidisse
1169 711 1237 786 sed,
1257 721 1293 770 ut
1307 707 1400 768 milri

311 815 438 892 videtur,
460 817 540 896 quod
559 817 622 898 jam
643 819 681 878 dc
700 837 737 878 eo
753 817 938 900 exemplari,
959 809 1000 879 de
1012 837 1071 900 quo
1088 816 1114 878 is
1135 817 1303 900 descriptus
1321 827 1396 890 est,

311 921 524 1002 quaterniones
550 922 665 1004 aliquot
686 924 856 1007 periissent.
870 923 952 986 Nam
968 938 1037 1007 post
1053 921 1222 1008 Epistolam
1238 938 1284 982 ιιι
1305 926 1401 1002 (cu-

311 1028 359 1108 jus
382 1027 506 1107 quidem
526 1029 646 1090 nonsisi
667 1031 870 1113 posteriorem
893 1044 1012 1114 partem
1033 1031 1065 1091 in
1078 1030 1182 1092 codice
1204 1041 1310 1090 nostro
1336 1049 1402 1089 su-

312 1153 434 1215 peresse
455 1136 548 1196 modo
564 1135 736 1216 dicebam),
763 1136 820 1198 sub
842 1136 934 1199 finem
953 1138 1088 1219 ejusdem
1104 1135 1169 1198 solii
1186 1137 1284 1213 versi,
1301 1136 1401 1217 cujus

311 1237 401 1321 prior‘
412 1240 522 1323 pagina
534 1240 575 1302 ab
589 1241 652 1304 illis
667 1241 768 1304 verbis
784 1244 882 1304 statim
898 1245 956 1304 illis
971 1255 1001 1303 et
1012 1244 1089 1326 loqui
1100 1242 1223 1326 incipit,
1241 1241 1401 1304 continuo

313 1344 446 1425 sequitur
462 1367 499 1408 ea
510 1346 655 1429 Epistola,
671 1369 736 1428 qum
748 1351 928 1425 sexagesino
942 1351 1027 1410 tertia
1043 1347 1133 1432 vulgo
1148 1361 1337 1419 numeratur,
1351 1343 1401 1407 ab

313 1445 363 1512 his
382 1452 483 1514 verbis
501 1453 665 1537 incipiens,
685 1456 804 1516 Moleste
808 1457 874 1534 fers
890 1456 1043 1517 decessisse
1054 1457 1189 1518 Flaccum
1200 1481 1210 1517 .·
1223 1465 1402 1536 censusque

244 1643 248 1649 Ι
315 1558 520 1620 desiderantur
529 1557 676 1642 Epistolae
688 1576 811 1638 omnes,
829 1581 893 1643 quse
906 1561 985 1624 alias
994 1563 1072 1626 inter
1084 1563 1162 1626 hane
1173 1577 1203 1625 et
1211 1563 1290 1625 inter
1303 1561 1403 1644 quin·

312 1659 523 1747 'qtngesimam
543 1669 706 1729 secundam
727 1668 888 1751 interjectae
910 1670 1059 1754 leguntur.
1080 1667 1122 1732 Et
1144 1671 1242 1734 eidem
1263 1666 1399 1752 quidein

316 1768 461 1854 Epistulae
481 1788 577 1850 unns,
603 1774 807 1858 calligraphus
830 1790 933 1837 noster
945 1777 1035 1856 (sicut
1049 1777 1081 1837 in
1094 1795 1164 1854 suo,
1179 1787 1267 1860 puto,
1285 1795 1400 1836 exem-

316 1878 397 1962 plari
416 1883 593 1962 repererat)
608 1903 769 1944 numerum
782 1897 859 1943 extv
875 1884 1070 1967 adpinrerat;
1085 1897 1116 1944 at
1130 1905 1166 1944 ex
1182 1884 1239 1944 isto
1259 1902 1400 1944 numero

317 1980 378 2040 alia
393 1981 498 2041 deinde
516 2002 639 2052 manus.
655 2003 714 2064 quo
726 1983 825 2046 minus
842 1985 874 2045 in
887 1985 991 2046 oculos
1004 1986 1125 2046 caderet
1136 1983 1282 2061 delectus,
1299 1997 1397 2044 erasa

317 2084 404 2146 litera
420 2103 458 2164 x,
475 2086 547 2148 lecit
565 2103 632 2165 etv,
652 2089 849 2171 similiterque
866 2090 972 2152 deinde
986 2111 1130 2152 numeros
1147 2111 1251 2152 omnes
1264 2089 1400 2170 reliquis

318 2188 464 2274 Epistolis
477 2194 643 2278 adscriptos
655 2196 781 2259 mutavit
791 2209 809 2255 ¹.

359 2295 506 2379 Ejusdem
528 2321 594 2362 cum
612 2314 715 2363 nostro
737 2301 818 2381 Aeg:
828 2304 855 2367 l..
870 2301 992 2366 familiae
1006 2304 1142 2366 ridentur
1156 2304 1271 2364 Code'ees
1285 2303 1401 2362 Herbi*

316 2407 454 2487 politoni,
467 2427 484 2468 e
497 2406 606 2487 quibus
619 2408 731 2488 probas
746 2408 856 2474 multas
870 2409 1015 2472 lectiones
1026 2411 1253 2471 FatucModius
1265 2409 1398 2494 protulit

318 2511 350 2572 in
366 2509 559 2574 Lectionibus
572 2511 788 2595 Novantiquis,
809 2515 994 2594 quse-Tomo
1013 2516 1117 2597 quinto
1130 2515 1279 2577 Thesauri
1293 2514 1396 2576 critici

319 2613 495 2680 Gruteriani
510 2618 626 2680 insertae
643 2631 736 2680 sunt².
752 2617 871 2682 Eodem
882 2621 1031 2703 pertinent
1043 2618 1176 2702 quatuor
1188 2621 1294 2681 Gallici
1306 2622 1396 2679 codi-
1413 2653 1417 2658 -

319 2747 385 2802 ees,
402 2741 547 2788 sxxatvut
561 2726 680 2808 priores
694 2725 818 2790 Senecae
829 2724 984 2810 Epistolas
998 2727 1147 2811 complexi
1158 2745 1254 2808 ‚qnos
1266 2723 1395 2788 Parisiis

354 2943 492 3024 ¹'licitique
502 2958 562 3006 vc‘ro
574 2953 646 3007 illam
659 2955 737 3030 ipsam
750 2955 866 3025 quidem,
883 2973 961 3024 quarn
974 2943 1043 3020 diri,
1061 2953 1199 3026 Epistolam
1218 2967 1302 3014 extu,
1315 2951 1389 3003 itale-³

320 3057 391 3111 gram
403 3037 502 3090 exbibet
510 3039 590 3092 codex
601 3053 699 3091 noster:
709 3041 754 3092 sed
768 3039 795 3090 in
807 3040 861 3112 ipso
873 3039 956 3092 statim
969 3037 1088 3112 Epistola
1097 3037 1235 3110 principio,
1246 3035 1386 3104 postverba

320 3123 376 3187 ista,
385 3122 495 3176 Moleste
495 3126 556 3192 fers
563 3125 700 3176 decessisse
710 3124 837 3177 lt'laccum
847 3128 962 3176 amicum
970 3133 1053 3186 turem,
1064 3123 1183 3176 continuo
1195 3122 1228 3174 ad
1238 3121 1281 3172 illa
1289 3119 1386 3188 transit,

319 3209 379 3277 Ego
397 3227 447 3259 non
468 3209 537 3258 idem
554 3213 652 3273 sentio,
669 3227 725 3277 quae
745 3209 772 3260 in
796 3209 884 3261 eadem
897 3209 974 3280 Epist.
987 3202 1001 3276 ς
1014 3208 1030 3260 ii
1041 3187 1176 3278 leguntur}
1198 3197 1249 3257 sive
1267 3205 1330 3275 quod
1349 3206 1384 3256 ibi

319 3291 487 3364 calligraphus
499 3292 561 3344 duas
572 3293 717 3363 exemplaris
727 3293 766 3345 sni
782 3291 1045 3365 pag'innsimpru'dens
1061 3288 1236 3356 transilivcrit,
1251 3289 1300 3341 sire
1316 3290 1383 3357 quod

319 3377 348 3432 in
363 3378 417 3451 ipso
429 3376 565 3450 exemplari
582 3377 674 3430 fotium
691 3377 771 3444 illud,
794 3399 844 3449 quo
856 3377 1049 3432 continebantur
1063 3395 1120 3447 quae
1134 3395 1201 3429 nune
1212 3376 1300 3428 omues
1311 3387 1382 3440 sunt,

319 3463 445 3518 defuisset.

350 3534 368 3580 ²*
377 3543 439 3597 Tres
451 3555 575 3597 memoret
585 3543 694 3596 Medius
706 3547 715 3608 (
722 3543 739 3595 l.
750 3564 772 3596 c.
782 3543 859 3616 Epist.
873 3559 908 3610 11,
921 3565 943 3616 p.
953 3544 1201 3609 3)membronueeos
1212 3545 1304 3596 codeies
1314 3541 1381 3594 Her·

318 3631 494 3701 otpotttunos,
508 3646 616 3698 quornm
629 3638 688 3680 hsus‘
707 3625 755 3680 sibi
767 3627 851 3680 suisset
864 3646 1013 3680 concessus:
1032 3648 1141 3698 quorum
1158 3649 1171 3680 e
1184 3647 1286 3680 numero
1296 3627 1305 3691 (
1314 3627 1380 3696 quod

319 3732 350 3765 cx
360 3708 519 3762 Lectionibus
528 3709 563 3761 alu
577 3708 624 3760 illo
637 3707 740 3781 prolatis
751 3709 869 3781 colligere
877 3708 955 3776 licet)
972 3709 1056 3764 nullus
1070 3709 1132 3774 tuis,
1149 3709 1192 3780 qni
1211 3709 1291 3780 plures
1306 3727 1379 3778 quam

318 3809 442 3846 mxvnt
461 3793 585 3865 Epistulas
603 3793 737 3845 exhiberet.
756 3793 796 3846 Aa
813 3793 928 3846 eamdem
946 3814 1038 3866 porro,
1049 3815 1079 3846 ac
1091 3795 1194 3846 fortasse
1207 3791 1318 3844 etiamad
1331 3811 1380 3844 ve-

318 3876 427 3929 tustioris
438 3877 516 3928 nostri
531 3877 624 3930 codicis
637 3898 663 3928 o.
674 3876 813 3943 familiam,
827 3876 1003 3951 pertinebant,
1018 3891 1093 3949 puto,
1110 3876 1228 3929 nonnulli
1242 3896 1271 3928 ex
1282 3875 1381 3942 Hispo—

318 3963 383 4014 m'ris
394 3959 445 4013 illis
456 3963 607 4025 Codicibus,
619 3981 728 4034 quonum
742 3982 772 4014 ex
784 3962 924 4035 prescripto
936 3962 999 4013 olirn
1009 3963 1169 4014 Fcrnondus
1179 3959 1318 4012 Pincianus
1326 3977 1379 4012 suas

319 4045 346 4098 in
356 4036 459 4098 Seneca
470 4033 619 4119 Philosophi
630 4045 720 4120 scripta
735 4045 918 4118 castigationes
931 4044 1060 4110 ediderat,
1073 4063 1136 4114 quos
1150 4041 1247 4096 codices
1267 4044 1380 4093 vetustis-

318 4133 400 4184 simos
415 4127 457 4182 ille
469 4130 634 4202 predicavit:
648 4130 678 4183 dc
691 4129 782 4200 quibus
803 4130 939 4200 equidem,
952 4127 1075 4200 quoniam
1087 4127 1190 4179 nonnisi
1201 4146 1299 4200 perraro
1309 4125 1379 4176 codi-

319 4234 390 4282 cem,
404 4235 417 4266 e
429 4227 483 4283 quo·
491 4213 566 4267 (lucta
578 4227 639 4269 esset
651 4212 735 4285 aliqua
748 4213 821 4268 lectio
832 4213 863 4266 ab
877 4213 930 4290 ipso
942 4213 1057 4288 prolata,
1071 4211 1223 4268 nominatim
1235 4209 1375 4284 designaut,
