2975 4992
330 454 389 520 162
619 446 660 513 L.
685 442 862 513 ANNAEl
885 442 1098 512 SENECAE

322 629 1378 671 W

635 820 949 910 EPISTOLA
980 819 1074 907 XX.

792 1008 926 1030 u*

601 1174 641 1212 D}
658 1172 825 1214 ΙΙΟΜΙΙῦΙί
844 1172 1113 1216 tttcortt'ttttrtt.

359 1298 447 1367 Quum
457 1294 567 1349 Lucilius
577 1294 713 1369 scripsisset
724 1334 731 1359 ,
743 1313 770 1348 se
789 1295 913 1368 proiectus
927 1312 986 1347 suos
997 1286 1155 1367 intcisigere‚
1169 1292 1279 1346 ostendit
1294 1292 1390 1347 Seuera

288 1422 293 1447 ,
327 1381 449 1455 gaudium
460 1399 549 1443 suurn,
560 1390 712 1449 monetque,
726 1377 913 1452 philosophiam
926 1377 955 1429 iu
966 1376 1052 1440 iactis,
1066 1397 1119 1429 uon
1131 1376 1159 1429 in
1170 1377 1253 1430 verbis
1264 1397 1317 1429 esse
1327 1413 1335 1437 ‚
1345 1378 1389 1429 its·

325 1484 373 1537 que
388 1464 420 1517 ad
433 1463 477 1515 itta
496 1481 546 1515 este
563 1463 690 1526 eundum,
706 1475 730 1515 et
746 1463 850 1533 quidem
863 1473 1011 1515 constanter.
1028 1462 1095 1514 Nam
1111 1461 1232 1534 sapientia
1244 1473 1282 1513 est
1292 1480 1388 1513 conve-

324 1547 420 1601 nientis
433 1558 457 1598 et
469 1556 541 1598 tenor
553 1544 783 1597 uuusvoluntatum
796 1557 820 1597 et
827 1544 894 1598 vitre.
906 1544 976 1597 iiiuc
984 1558 1117 1617 paupertas
1129 1545 1203 1596 etism
1215 1564 1270 1596 nou
1279 1544 1389 1596 timenda

323 1642 373 1697 est,
386 1650 433 1682 nec
444 1628 540 1681 divitie
550 1664 558 1691 ,
569 1626 591 1679 si
602 1628 703 1694 adsint,
716 1626 839 1683 amandes.
851 1626 929 1681 Redit
938 1627 1064 1693 monitio,
1075 1647 1210 1703 pauperem
1220 1628 1293 1681 certis
1303 1627 1390 1680 diebus

322 1734 396 1787 agere
410 1725 434 1765 et
444 1712 546 1765 imitari.
558 1711 597 1765 Cf.
609 1712 689 1785 Epist
699 1728 755 1766 xvs.

357 1798 418 1849 Huc
429 1793 541 1868 Epistola
550 1792 625 1845 etiam
637 1813 668 1846 eo
679 1793 783 1847 nominc
791 1795 918 1865 insignior
928 1808 979 1860 est,
990 1795 1059 1865 quod
1070 1792 1208 1847 desummo
1218 1793 1313 1847 ethices
1322 1793 1389 1864 priu-

323 1881 391 1950 cipio
402 1900 421 1933 s.
431 1880 462 1934 de
475 1878 526 1933 fine
537 1878 663 1932 bonorum
672 1880 812 1932 seeundum
828 1879 896 1933 Stoae
907 1893 1027 1953 praecepte
1037 1880 1063 1933 iu
1076 1900 1105 1933 ea
1117 1880 1211 1954 optime
1223 1879 1334 1952 exposita
1348 1879 1391 1931 vi-

321 1964 419 2037 demus.
429 1960 510 2015 Stoici
519 1961 586 2014 euim
597 1960 731 2025 docebant,
742 1961 775 2014 ad
786 1980 865 2015 unstu
874 1963 1047 2035 tegulsmesse
1056 1961 1322 2035 vitsmenn'qusndsru
1330 1960 1393 2025 (καθ’

322 2044 444 2108 irretiret
457 2046 493 2097 rai
506 2048 626 2111 wpostc'it'
638 2044 676 2095 trs
684 2041 737 2113 ζῇν.
750 2043 823 2096 ssob.
834 2044 888 2097 Est
899 2044 974 2098 ethic.
983 2065 1008 2116 p.
1022 2061 1066 2112 ¹7¹
1081 2043 1166 2112 Cant)

603 2219 711 2257 trunca
729 2220 857 2257 uucttro
874 2220 929 2257 tuo
946 2213 1095 2257 struma

372 2359 414 2427 Sr
429 2357 521 2425 valet
532 2360 558 2441 ¹,
575 2371 609 2423 et
628 2370 662 2422 te
680 2352 821 2447 dignum
837 2371 933 2448 putas
950 2358 1009 2448 qui
1023 2356 1207 2448 aliquando
1222 2358 1283 2425 fias
1300 2374 1391 2437 tuus,

322 2472 454 2567 gaudeo
473 2500 480 2539 z
498 2494 573 2541 mea
587 2472 677 2539 enim
697 2470 806 2563 gloria
824 2473 909 2557 erit,
929 2472 959 2540 ti
979 2488 1012 2539 te
1029 2473 1151 2555 istinc,
1170 2473 1230 2541 ubi
1246 2475 1324 2543 tine
1336 2499 1398 2568 spe

324 2587 467 2659 exeundi
486 2587 680 2669 fluctuaris,
699 2603 885 2655 extraxero.
901 2587 993 2657 Illud
1005 2604 1118 2657 autem
1132 2604 1186 2672 te,
1204 2592 1251 2658 mi
1266 2592 1393 2673 Lucili,

324 2731 406 2799 rogo
421 2721 523 2797 atque
535 2704 673 2784 hortor,
689 2716 728 2769 ut
738 2702 987 2795 philosophiam
1001 2706 1038 2773 iu
1052 2706 1236 2799 praecordia
1251 2709 1323 2777 ima
1338 2707 1398 2777 do-

326 2825 455 2906 mittas,
482 2835 517 2888 et
539 2820 805 2913 experimentum
826 2820 997 2911 profectus
1017 2822 1066 2887 tui
1088 2825 1201 2915 capias
1226 2848 1295 2892 non
1319 2847 1400 2894 ora·

325 2939 437 3019 tione,
459 2958 524 3003 neo
539 2935 686 3026 scripto,
708 2930 768 3001 sed
786 2932 889 2999 animi
912 2933 1091 3020 firmitate,
1112 2951 1147 3002 et
1171 2936 1399 3029 cupiditatum

325 3051 561 3119 diminutione.
582 3048 695 3116 Verba
712 3048 813 3115 rebus
829 3048 937 3142 proba
957 3077 965 3114 :
984 3049 1331 3145 aiiud²propositum
1348 3072 1400 3122 est

326 3164 595 3236 declamantibus
608 3180 642 3231 et
659 3166 889 3232 assensionem
906 3188 1040 3233 coronae
1054 3168 1285 3259 captantibus3
1302 3170 1401 3238 aliud

325 3282 380 3349 his
398 3281 458 3373 qui
472 3272 661 3371 juvenum⁵
681 3292 715 3345 et
734 3279 918 3347 otiosorum
936 3303 1037 3348 aures
1055 3278 1281 3377 disputatione
1302 3288 1402 3352 varia

364 3523 382 3555 ι.
399 3500 432 3554 Ss'
441 3504 521 3554 vales.
536 3484 592 3553 t'toe
606 3498 638 3551 ad
650 3498 744 3564 boussut
755 3497 837 3550 animi
885 3498 986 3571 publice
1004 3499 1180 3573 preelegebsnt.
1198 3500 1239 3554 ltti
1255 3499 1298 3554 his
1320 3523 1402 3555 coun-

326 3578 511 3644 vaietudiuent‚
523 3597 598 3649 quam
608 3596 681 3650 supra
692 3576 718 3627 in
729 3574 836 3651 philost>
884 3576 997 3629 minibus
1014 3579 1066 3630 suis
1079 3578 1154 3632 verbs
1171 3592 1195 3632 tt
1211 3581 1403 3653 professionem

325 3656 386 3729 pitia
397 3656 493 3730 posuit,
506 3656 580 3707 reier.
883 3676 954 3709 sustu
963 3658 1084 3731 probant,
1096 3659 1125 3713 hi
1133 3662 1259 3727 detinent,
1270 3661 1403 3715 ‹talecun-

361 3758 382 3791 2.
400 3736 517 3788 Atium...
531 3733 639 3785 atiud...
653 3731 754 3784 detinet.
768 3730 835 3782 Num
884 3748 976 3789 testem
994 3758 1023 3790 us
1033 3740 1131 3792 fallunt.
1141 3739 1230 3794 Rath.

325 3812 365 3865 iiii
384 3811 426 3865 vei
447 3809 586 3874 suasorias,
610 3808 651 3860 vel
672 3807 838 3862 dissuasorias
918 3813 941 3865 3.
963 3760 1018 3883 δαί
1028 3822 1181 3878 juvenumet
1189 3821 1345 3873 ots'ssonsm.
1356 3821 1404 3873 Sic

324 3890 449 3944 orationes
469 3887 595 3941 habebant
615 3906 699 3939 eorum
723 3888 834 3960 populo,
886 3892 1017 3959 Erasmus,
1040 3892 1177 3946 Pincianus
1198 3908 1222 3946 et
1243 3896 1352 3951 Gruter.
1375 3899 1405 3950 iu

324 3983 354 4022 ut
363 3968 436 4021 laude
447 3984 559 4033 corona,
570 3966 589 4016 i.
602 3984 622 4017 e.
632 3964 779 4017 auditorum
788 3965 837 4017 cir-
885 3969 997 4040 quinque
1013 3969 1065 4022 suis
1084 3972 1157 4024 codd.
1171 3970 1279 4027 invenit.
1294 3974 1405 4029 Occiso-

324 4048 503 4103 eusnstentiurn
513 4044 670 4119 potirentur:
686 4042 713 4095 hi
728 4042 756 4095 in
767 4043 838 4097 scho-
884 4066 944 4101 rum
959 4047 1098 4101 nonnullos
1115 4048 1192 4102 libros
1209 4050 1319 4107 obsidet.
1342 4056 1405 4106 Nos

324 4126 355 4179 lis
368 4138 488 4196 tanquam
509 4124 620 4176 rhetores
638 4119 679 4173 vel
701 4120 762 4174 alibi
777 4121 836 4174 scri·
885 4128 991 4192 ouiiuo.
1004 4125 1078 4178 Grut.
1095 4126 1122 4178 iu
1141 4126 1174 4180 V.
1190 4127 1242 4181 suis
1258 4127 1365 4183 invenit
1379 4144 1405 4183 et

323 4216 365 4275 pta
377 4222 421 4256 tut
434 4222 455 4255 e.
466 4222 488 4254 c.
498 4201 624 4254 orationes
632 4238 640 4265 ‚
648 4211 763 4271 poemata
772 4236 780 4264 ‚
788 4213 835 4255 ete.
886 4202 1038 4274 approbsvit.
1049 4204 1138 4258 Ruht.
