2975 4992
323 496 592 565 EPISTOLA
616 497 868 565 LXXXVII.
1066 505 1130 570 611

129 631 240 697 Contra
257 627 361 694 totius
383 627 520 720 generis
541 625 681 694 hnmani
701 628 880 720 opiniones
895 630 1135 700 mittendavo'x
1164 657 1179 706 5

91 761 170 817 eut:
188 745 392 828 clusanitis,
410 745 551 827 erratis,
569 744 711 835 stupetis
723 743 766 811 sd
779 765 1008 838 supervacua,
1023 753 1139 819 nemi-

90 886 153 930 nem
170 861 335 927 estimatis
353 855 431 928 suo!
455 859 570 950 Quum
589 858 632 926 ad
645 860 887 951 patrimonium
910 879 1047 932 ventum
1067 881 1136 947 est,

91 977 317 1070 diligentissimi
336 980 606 1070 computatores,
625 975 674 1043 sic
697 977 862 1045 rationem
876 980 1002 1071 ponitis
1019 984 1142 1076 singu-

91 1095 199 1173 lorum,
218 1091 408 1184 quibusaut
422 1093 600 1185 pecuniam
611 1092 777 1162 credituri
787 1096 886 1177 estis,
901 1114 959 1165 aut
971 1095 1140 1170 beneficia
1212 1126 1214 1141 ’

89 1207 252 1299 (nambaec
265 1231 404 1298 quoque
413 1206 484 1298 jam
500 1230 646 1300 expenso
669 1208 785 1299 fertis)
804 1238 812 1278 ε
831 1237 847 1274 s
866 1214 949 1282 Late
971 1215 1139 1307 possidet,

92 1351 105 1387 s
122 1323 174 1390 sed
189 1323 327 1392 multum
338 1322 441 1390 debet
452 1350 462 1408 3
475 1323 579 1391 habet
589 1323 725 1394 domum
737 1327 936 1412 formosam,
950 1331 1011 1399 sed
1023 1333 1144 1402 alienis

91 1471 104 1504 s
122 1441 258 1508 nummis
276 1456 456 1533 paratam,
488 1440 669 1510 familiam¹
696 1466 795 1512 nemo
816 1445 884 1512 cito
903 1450 1144 1539 speciosiorem

91 1586 104 1621 s
123 1555 300 1651 producet,
318 1556 379 1624 sed
390 1553 609 1626 nominibus²
624 1581 694 1626 nou
707 1557 891 1650 respondet
901 1589 912 1646 3
924 1564 952 1629 si
967 1564 1146 1634 creditori·

88 1814 145 1883 que
163 1790 272 1860 fucere
296 1789 492 1871 debebatis,
511 1807 666 1860 excutere
679 1807 843 1883 quantum
856 1796 987 1888 proprii
1002 1799 1148 1892 quisque

87 1900 214 1972 habeat!
243 1931 260 1967 s>
294 1904 443 1972 Divitem
469 1902 565 1972 illum
589 1919 714 1998 putas,
750 1908 832 1998 quia
863 1930 966 1976 sures
996 1913 1149 2005 supellex

86 2020 175 2087 etiam
193 2021 229 2087 in
251 2020 306 2088 sis
333 2043 410 2088 eum
428 2021 605 2112 seqnitur3
630 2021 711 2112 quia
725 2023 763 2090 in
786 2025 943 2092 omnibus
964 2028 1149 2118 provinciis

86 2131 176 2224 arst³5
188 2135 269 2227 quis
279 2160 423 2229 magnus
437 2136 624 2204 kalendarii
634 2131 738 2206 liber⁴
749 2140 911 2228 volvitur3
926 2144 1008 2235 quia
1021 2158 1150 2214 tentum

85 2253 261 2322 suburbani
281 2255 356 2348 agri
374 2253 549 2347 possidet,
569 2270 734 2346 quantum
750 2250 941 2326 invidiose⁵
956 2258 994 2326 in
1008 2259 1152 2330 desertis

84 2368 206 2460 dpuliae
224 2368 432 2463 possideret.
453 2368 570 2460 Quum
592 2363 729 2438 omnia⁶
754 2369 902 2454 dixeris,
928 2397 1061 2467 pauper
1085 2391 1147 2444 est.

85 2485 249 2576 -Quare
260 2485 418 2576 P-Quia
437 2483 809 2577 debet-Quantum?
825 2489 1150 2579 inquis—Omnia.

82 2603 147 2670 Nisi
169 2601 258 2670 sorte
279 2600 416 2695 judices
435 2601 620 2683 interesse,
643 2616 757 2668 utrum
775 2601 900 2692 aliquis
922 2603 967 2670 ab
985 2603 1149 2691 bomine,

83 2739 121 2783 an
146 2741 165 2784 a
189 2718 350 2786 fortuna⁷
380 2734 532 2786 mutuum
561 2717 755 2810 sumpserit.
784 2717 881 2811 Quid
909 2718 954 2787 ad
979 2744 1051 2789 rem
1073 2747 1153 2816 per·
1178 2762 1192 2812 7

113 2957 131 2991 s.
142 2939 301 2992 Familiam
313 2955 451 2991 serrorum.
466 2935 556 2987 Rode
637 2953 694 2986 rum
702 2947 824 3006 quantum
831 2937 957 3008 possidere
967 2951 1072 3011 oportet,
1081 2939 1152 2996 For-

110 3037 131 3070 a.
141 3019 323 3082 Nominibus,
337 3018 354 3072 i.
365 3016 537 3070 creditoribus.
550 3013 586 3066 R.
638 3027 704 3066 tesso
725 3016 783 3085 quis
802 3017 833 3068 de
852 3017 939 3069 ovium
958 3020 1152 3091 migrationibus

111 3095 133 3148 3·
143 3101 232 3160 Anat,
246 3099 267 3150 i.
279 3096 446 3171 possessiones
456 3093 593 3154 habemus
640 3093 754 3165 cogitet,
778 3113 884 3164 quaelex
907 3097 1013 3150 Samnio
1034 3100 1152 3154 autumni

79 3175 136 3228 llor-
150 3176 236 3250 Epod.
250 3175 299 3238 lv,
315 3173 351 3226 13.
366 3172 457 3226 fluet.
641 3181 754 3243 ternpore
766 3171 794 3222 in
808 3172 907 3246 Apulite
924 3174 978 3227 loca
997 3174 1118 3229 calidiora
1132 3200 1150 3231 s.

108 3256 130 3318 4.
142 3255 267 3324 Magnus·
277 3251 513 3312 tammo-titides,
524 3248 595 3304 iloe·
642 3247 718 3300 saltus
730 3248 861 3303 solidiores
873 3247 969 3304 fiebant
981 3265 1005 3303 et
1018 3255 1152 3326 vectigalia

79 3331 158 3386 nebris
170 3331 292 3404 pecunie
303 3329 367 3382 liber
377 3347 384 3382 z
396 3347 456 3382 naut
467 3326 593 3380 Kalendis
641 3325 790 3397 prestabant
802 3330 982 3401 possessoribus
996 3331 1101 3385 istarum
1112 3354 1152 3387 re.

78 3409 328 3465 medebantet
337 3408 492 3478 petebantur.
505 3405 592 3477 ltaque
641 3405 756 3476 gistrum.
775 3406 908 3479 Hodieque
920 3408 1051 3476 obtinent,
1069 3413 1107 3464 uti
1124 3414 1152 3465 in

78 3490 222 3544 uomina'et
239 3487 354 3562 pecunia
367 3505 410 3560 per
422 3484 552 3538 Kalendas
564 3482 592 3534 in
641 3483 798 3553 antiquitate.
815 3485 904 3537 Horat
920 3487 1001 3560 Epod.
1018 3487 1049 3554 1,
1067 3493 1098 3541 25
1114 3511 1152 3561 sq.

77 3567 119 3622 tali
130 3570 222 3624 codiee
231 3563 456 3622 scribet-ususve
464 3580 514 3632 quo
524 3561 594 3612 Mar-
642 3561 687 3614 ubi
700 3561 759 3613 side
771 3563 893 3636 Bottiger.
905 3563 945 3617 Cf.
957 3576 1012 3637 post
1022 3565 1152 3642 Buscbing

76 3649 139 3702 tialis
152 3666 160 3699 t
175 3647 323 3722 «Superba
340 3643 423 3698 densis
435 3660 491 3694 area
503 3639 595 3712 palleat
642 3641 660 3693 l.
675 3640 691 3694 l.
702 3641 856 3710 Lusteyrs'e,
873 3642 965 3695 Tms'te'
971 3663 1018 3696 sur
1025 3647 1063 3697 les
1073 3644 1152 3699 Βίης

76 3727 197 3794 nummis,
210 3721 325 3778 Centum
335 3718 595 3795 explicenturpaginae
642 3723 661 3768 d
674 3720 744 3770 daine
755 3718 918 3788 d'lt’spugsse.
930 3720 1019 3774 Rudis.

76 3805 291 3860 Kalendarum.»
301 3801 340 3854 Gi.
352 3801 382 3853 ad
395 3799 441 3873 Ep.
454 3813 499 3850 xlv
509 3795 594 3852 fistt.
677 3795 700 3848 li.
711 3795 802 3866 Quum
811 3801 908 3849 omniu.
916 3798 1033 3872 Vulgata
1042 3799 1154 3870 praebent

105 3888 129 3939 5.
146 3885 295 3956 Quantum
307 3881 432 3933 inolds'ose
447 3880 475 3930 s'n
486 3877 593 3929 desertis
643 3887 668 3929 et
680 3895 761 3945 quum
772 3881 881 3942 omnium
896 3877 1017 3951 languide
1030 3891 1055 3930 et
1067 3880 1153 3932 invitis

74 3967 184 4031 Apudiae
192 3963 358 4029 possideret,
370 3953 595 4029 ideoquepcrmul·
645 3955 734 4008 msstis.
747 3953 829 4006 Sedes.

74 4054 126 4094 tum
136 4063 143 4104 ;
158 4058 225 4094 nam
240 4039 265 4091 si
283 4037 339 4108 quis
353 4032 483 4087 latifundii
502 4029 595 4105 apuliei
679 4053 701 4102 7.
712 4033 861 4106 Ajisrtssssu.
870 4035 936 4102 Qut
945 4033 1041 4087 seilicet
1050 4034 1111 4087 olim
1122 4035 1153 4088 ab

72 4121 99 4173 in
113 4119 225 4174 desertis
238 4117 310 4180 illis,
327 4133 384 4186 quse
401 4112 528 4180 hodieque
543 4127 596 4162 non
645 4110 831 4183 inexspectante
839 4130 867 4163 ea
875 4123 978 4182 repetet,
989 4131 1045 4184 quae
1055 4113 1082 4164 in
1092 4131 1155 4164 mn-

74 4198 183 4250 enltiora
197 4207 265 4250 snut
274 4191 418 4262 (Busching
430 4189 479 4252 lV,
491 4209 515 4261 p.
527 4188 596 4260 489.)
645 4200 717 4239 tuum
726 4187 868 4250 collocavit,
879 4188 1051 4260 nudatumque
1060 4191 1155 4243 adveu-
1194 4211 1202 4228 ·

72 4293 204 4347 possessor
218 4272 352 4326 iuvidiam
367 4285 448 4322 cresse
463 4267 536 4330 velit,
547 4265 596 4317 mi·
646 4265 707 4316 titiis
719 4264 794 4316 bouis
803 4265 936 4336 relinquet.
