2975 4992
321 427 387 481 200
606 406 648 475 L.
677 404 855 477 ANNAEI
882 404 1104 477 51².chAE

319 537 421 603 etiam
437 531 503 603 hoc
520 550 698 605 contentus
719 560 818 618 sum,
842 550 880 603 ut
904 538 954 604 sic
977 538 1079 606 facias
1095 556 1322 630 quaecumque
1344 535 1398 603 fu-

320 651 407 733 cies,
427 666 584 741 tanquam
599 668 727 743 spectet
740 652 878 743 uliquis.
896 652 1021 721 Omnia
1033 653 1133 723 uobis
1145 650 1233 719 mals
1248 650 1397 719 solitudo

321 768 516 861 persuadet.
535 768 651 859 Quum
662 768 733 861 jam
747 770 932 861 profeceris
947 784 1076 838 tautum
1088 817 1098 854 ,
1108 785 1152 839 ut
1165 771 1210 837 sit
1218 769 1284 836 tibi
1294 770 1396 837 etism

323 884 371 950 tui
385 884 577 951 reverentia
593 935 601 965 ,
620 884 737 953 licebit
751 884 898 952 dimittas
911 884 1135 980 paedsgogum
1152 912 1160 951 :
1177 884 1318 952 iuterim
1333 884 1398 951 sli-

252 982 254 987 ⁷
279 1014 296 1066 s
322 1024 466 1093 quorum
482 1016 514 1069 te
528 1003 727 1070 auctoritate
742 1000 888 1071 custodi.
905 1002 973 1070 Aut
992 1005 1076 1071 Cato
1092 1002 1150 1071 itte
1166 1004 1230 1085 sit,
1247 1016 1308 1071 sut
1321 1003 1395 1070 Sci-

320 1119 404 1211 pio,
427 1133 485 1185 aut
503 1117 650 1200 Laelius‚
671 1134 730 1186 aut
747 1118 865 1210 cujus¹
889 1119 1085 1188 interventu
1107 1120 1234 1213 perditi
1258 1143 1396 1211 quoquc

321 1236 476 1303 homines
495 1235 578 1301 vitia
597 1237 870 1329 supprimerent,
892 1233 971 1303 dum
990 1251 1023 1303 te
1040 1235 1150 1303 efficis
1170 1259 1248 1303 eum
1261 1239 1292 1320 ²,
1320 1260 1396 1303 cum

322 1343 410 1444 quo³
425 1374 569 1445 peccare
582 1375 652 1419 nou
670 1350 808 1420 audeas.
824 1351 941 1446 Quum
955 1352 1021 1421 hoc
1039 1353 1213 1445 effeceris,
1232 1367 1267 1419 ct
1281 1351 1396 1444 aliqua

323 1470 467 1563 coepcrit
483 1466 575 1562 apud
594 1484 627 1536 te
643 1471 690 1536 tui
705 1493 778 1537 esse
797 1468 972 1563 dignatio,
1000 1470 1160 1563 incipiam
1176 1466 1238 1536 tibi
1251 1471 1397 1562 permit-

298 1582 301 1595 '
323 1598 395 1651 tere
407 1577 435 1669 ‘3
457 1584 549 1677 quod
569 1583 657 1652 idem
677 1585 796 1654 suadet
812 1587 979 1679 Epicurus
997 1613 1004 1651 ε
1025 1614 1041 1649 u
1059 1587 1160 1655 Tunc
1172 1586 1347 1679 praecipue
1360 1586 1395 1651 iu

284 1731 296 1782 7
324 1702 442 1793 tuipse
457 1701 599 1784 secedo,
616 1726 720 1794 quum
736 1724 809 1769 esse
822 1704 953 1797 cogeris
967 1703 1003 1769 iu
1019 1702 1130 1769 turbu.
1151 1727 1168 1765 u
1185 1700 1392 1771 Dissimilem

324 1831 358 1880 tc
377 1815 453 1883 fieri
473 1814 588 1883 multis
607 1832 753 1909 oportet.
783 1816 872 1883 Dum
891 1815 954 1883 tibi
976 1829 1086 1883 tutum
1105 1816 1148 1882 sit
1164 1812 1210 1880 ud
1236 1829 1271 1880 te
1298 1836 1395 1881 rece-

325 1928 406 1997 dere
419 1925 445 2014 ⁵,
464 1933 686 2025 circumspice
700 1932 851 2025 singulos
866 1958 874 1997 ε
887 1956 987 1999 nemo
997 1948 1049 1999 est
1061 1982 1070 2013 ,
1083 1933 1139 2000 cui
1153 1955 1222 2001 nou
1236 1931 1343 1999 satius
1355 1932 1399 2000 sit

325 2072 401 2116 cum
416 2046 567 2139 quolibet
580 2072 676 2134 csse,
693 2072 795 2141 quam
817 2069 943 2116 secum.
963 2075 979 2111 u
1003 2048 1104 2116 Tunc
1117 2049 1291 2142 proecipue
1312 2050 1348 2115 in
1367 2063 1397 2115 tc

326 2167 398 2257 ipse
415 2164 556 2250 secede,
573 2190 676 2257 quum
697 2190 770 2233 csse
786 2166 918 2257 cogeris
937 2166 972 2231 iu
991 2166 1111 2251 turba3
1131 2191 1147 2228 u
1170 2165 1198 2232 si
1216 2165 1328 2233 bonus
1344 2168 1398 2233 vir

326 2303 363 2347 os
369 2328 380 2363 ,
397 2282 423 2348 si
439 2282 591 2372 quietus,
609 2283 637 2348 si
652 2298 844 2374 temperans
861 2307 869 2346 z
884 2280 1035 2373 alioquin
1052 2281 1089 2347 iu
1103 2280 1237 2349 turbam
1254 2280 1319 2347 tibi
1332 2303 1352 2347 a
1366 2296 1397 2346 to

327 2396 553 2466 recedendum
572 2415 623 2467 est
641 2426 647 2465 ι
666 2400 743 2466 istic
761 2397 847 2466 malo
865 2400 939 2465 viro
952 2398 1094 2491 propius
1107 2421 1144 2465 os
1157 2402 1181 2463 ¹.
1200 2396 1298 2465 Vsle.

361 2606 383 2641 ι.
400 2589 457 2641 'Aut
475 2593 556 2656 cujus.
581 2588 625 2641 Nil
648 2600 747 2643 mutent
764 2588 837 2642 titii:
887 2589 937 2641 riht
957 2598 1043 2644 tutum
1062 2608 1115 2641 nou
1132 2600 1172 2642 ert
1189 2610 1208 2641 a
1227 2599 1252 2642 te
1271 2590 1397 2652 recedere,

327 2666 465 2739 intellige,
497 2679 546 2721 aut
574 2665 686 2738 quisquis
707 2668 765 2734 sit,
787 2684 838 2718 cu·
887 2667 1214 2731 iudeeMuretotssdsit,
1227 2688 1282 2722 nou
1294 2668 1399 2730 ethii&

322 2748 379 2811 jus,
394 2758 439 2798 etc.
453 2744 534 2799 Scio.
886 2744 947 2798 beot
958 2758 1054 2799 veteres
1067 2745 1224 2802 libriomues
1235 2760 1309 2801 :tum
1318 2749 1358 2799 od
1365 2759 1397 2810 te,

360 2844 384 2876 o.
400 2823 475 2877 Dum
489 2832 513 2877 te
522 2823 603 2894 efficis
614 2842 715 2877 eum.....
725 2823 836 2875 audms.
886 2840 931 2893 pro
944 2842 962 2873 ιι
973 2831 1014 2888 te,
1029 2822 1106 2875 esuis
1124 2824 1199 2877 codd.
1211 2824 1327 2878 ieudevit
1338 2823 1398 2895 Ops.

326 2904 418 2967 Dopec
427 2901 460 2955 ad
472 2900 521 2955 hoc
534 2900 631 2964 virtutis
644 2898 790 2972 pervenias,
810 2910 839 2950 ut
887 2900 1006 2969 Denique
1015 2919 1081 2967 uon,
1094 2912 1152 2953 tute
1164 2905 1214 2965 sit,
1228 2921 1287 2955 mea
1300 2900 1331 2953 de
1341 2919 1398 2953 con·

327 2993 350 3033 te
362 2980 414 3053 ipse
426 2980 551 3051 cuptodire
564 2978 658 3051 possis,
672 2990 700 3031 ut
711 2976 748 3029 tui
760 2975 838 3050 ipsius
886 2974 943 3044 ieet.
953 2994 1029 3027 ausus
1040 2994 1097 3029 sum
1107 2976 1191 3029 delere
1200 3014 1208 3041 ,
1216 2990 1244 3030 ut
1256 2998 1287 3031 ex
1301 2976 1398 3029 scholio

270 3068 273 3077 “
327 3058 572 3131 diguitasspeccato
586 3071 610 3109 te
622 3055 762 3129 prohibeat.
887 3052 1099 3124 adjectumzuem
1110 3055 1175 3105 dum
1176 3090 1217 3106 .....
1224 3057 1262 3107 sr't
1271 3054 1339 3105 idem
1349 3052 1398 3103 iere

359 3135 383 3189 3·
401 3138 467 3190 Cum
475 3156 526 3206 quo
534 3137 663 3203 edd-vett.
673 3154 730 3187 cum
739 3132 837 3196 mutin
888 3131 953 3183 velet
960 3150 991 3183 ac
1000 3133 1109 3185 dum-....
1122 3141 1228 3184 nonest.
1239 3130 1325 3184 Sedu.

326 3238 379 3269 non
392 3220 432 3282 (ut
440 3216 624 3289 vuigo)eoram
636 3234 695 3284 quo.
705 3212 787 3267 Schw.
919 3209 943 3261 6.
960 3209 1027 3261 Istic
1037 3212 1110 3262 maio
1122 3212 1179 3263 viru
1185 3212 1297 3278 propius
1307 3227 1344 3261 es.
1355 3210 1395 3261 ls-

359 3299 382 3361 4.
399 3298 532 3365 Iucipr'om
543 3295 840 3363 tidipermr'ueretquod
885 3285 932 3349 ²302
950 3286 977 3339 id
990 3298 1037 3349 ⁰¹»
1050 3306 1130 3356 quum
1143 3299 1227 3339 ⁸⁸⁰⁰!st
1241 3286 1398 3339 80111603·-

326 3376 412 3439 idem,
433 3386 478 3427 etc.
496 3370 561 3425 Deis
579 3370 768 3425 distinctionem
781 3383 839 3442 post
885 3364 985 3437 Lipsius
994 3365 1061 3417 Isu'c
1071 3368 1148 3417 euius
1159 3363 1288 3433 Quidem,
1301 3363 1397 3433 iuquit,

324 3452 487 3520 permittere,
500 3462 524 3501 et
535 3447 648 3519 intellige
656 3451 803 3515 permittere
809 3449 841 3499 id
886 3462 931 3513 pro
938 3448 1062 3513 propius,
1072 3451 1188 3513 proptor,
1199 3458 1226 3499 et
1233 3445 1356 3497 sententia
1363 3456 1399 3495 est

326 3526 412 3599 quod,
425 3539 471 3579 etc.
483 3527 526 3579 Sic
536 3546 589 3579 uon
599 3546 660 3599 opus
669 3525 744 3577 fusrit
755 3525 840 3577 corri-
889 3520 946 3581 ills,
959 3540 1036 3591 quem
1046 3543 1076 3575 ex
1086 3523 1188 3595 vulgeta
1198 3520 1309 3585 efficias,
1318 3522 1397 3573 littere

326 3627 384 3677 gere
392 3608 470 3659 teithi
471 3610 627 3674 permittere.
632 3601 837 3659 Scire-Ruth.
886 3602 988 3667 addito,
1001 3605 1069 3656 Istic
1077 3609 1147 3657 enim
1156 3625 1174 3656 ιι
1185 3607 1258 3657 malo
1270 3608 1329 3655 vim
1339 3622 1398 3671 pru-

330 3688 367 3739 Te
379 3688 426 3739 tibi
435 3690 581 3753 permittere
594 3684 672 3737 edidit
684 3695 712 3736 ut
724 3683 836 3754 superius
883 3684 944 3748 pius
955 3682 1026 3735 odes.
1039 3681 1125 3749 Prope
1134 3682 1226 3735 adesse
1242 3683 1397 3751 abaliquo,

326 3767 409 3817 audeo
431 3775 455 3817 te
475 3765 525 3816 tibi
542 3764 656 3826 credere,
680 3782 736 3833 quae
763 3761 836 3813 lectio
885 3769 909 3809 et
928 3757 1018 3812 Cicero
1041 3771 1068 3811 et
1098 3759 1197 3813 Seuera
1215 3771 1336 3830 usurpant
1354 3776 1398 3829 pro

326 3862 425 3916 prorsus
435 3840 518 3895 sensui
530 3842 722 3895 convenientior
730 3841 837 3918 videtui-7
886 3839 1001 3887 vicinum
1021 3855 1084 3889 esse.
1105 3838 1164 3910 Ipsa
1180 3850 1263 3889 autem
1286 3855 1325 3889 res
1344 3846 1396 3893 est·

359 3926 383 3975 5.
399 3921 474 3975 Dum
487 3921 534 3973 tibi
545 3930 629 3973 tutum
641 3922 677 3973 sit
689 3920 728 3971 ad
737 3931 762 3972 te
772 3938 838 3973 rece·
886 3933 943 3983 quae
956 3934 1030 3987 supra
1042 3914 1122 3989 Epist.
1135 3917 1169 3969 Χ.
1181 3914 1286 3968 Mecum
1296 3916 1396 3981 loquo&

265 3990 270 3997 ’
327 4000 392 4051 dere·
405 3998 449 4051 sic
464 3998 608 4071 exconjeot.
626 3996 727 4066 scripsi;
745 3995 837 4061 idest,
889 3994 971 4061 Care,
989 3998 1089 4066 iuquit,
1109 3994 1213 4061 Crates,
1232 4015 1264 4049 ne
1278 3992 1396 4049 curedo·

328 4074 410 4131 donec
418 4076 463 4129 tibi
471 4090 551 4129 tutum
564 4076 647 4131 fuerit.
659 4074 838 4147 Vulgo,dum
887 4076 1174 4143 minematotoqoaris.
1361 4067 1368 4079 ‘

724 4232 1010 4262 ...aeeon-0·—
