2975 4992
317 390 385 474 430
605 393 646 459 L.
672 391 1096 463 ANNAEI'SENECAE

611 839 938 931 EPISTOLA
968 841 1103 927 LXX.

782 1102 916 1123 ιιι-ι.-

589 1362 631 1401 D!
648 1362 764 1401 110λῖ1
780 1364 889 1403 mano
906 1364 1121 1405 APPHHM.

353 1485 449 1538 Narrat
459 1482 541 1536 amico
551 1501 577 1535 se
585 1482 721 1557 Pompeios
731 1482 825 1536 vidisse
836 1484 898 1536 etin
912 1484 1071 1537 admonitum
1084 1484 1204 1558 praeteriti
1214 1484 1337 1557 temporis
1350 1484 1396 1535 ad-

322 1568 426 1643 ductum
437 1588 498 1622 ease.
508 1564 551 1621 sie
559 1568 649 1621 transit
657 1567 691 1620 ad
701 1580 810 1621 mortem
818 1566 966 1643 ‚publicum
976 1590 996 1622 s.
1008 1588 1170 1623 communem
1181 1568 1286 1643 generis
1295 1567 1395 1620 bamam

322 1651 418 1715 finem,
432 1672 486 1705 nun
504 1672 563 1705 cum
575 1652 679 1727 scopulo
690 1654 722 1708 ad
737 1674 816 1725 quern
828 1654 1040 1721 adboerescimus,
1052 1654 1095 1709 sed
1109 1674 1168 1709 curn
1180 1668 1257 1727 portu
1269 1674 1395 1725 nunquam

323 1737 462 1791 recusando
480 1738 686 1809 comparandam.
699 1737 793 1791 Omnia
808 1738 913 1809 quidem
930 1740 984 1791 vita
995 1760 1026 1795 eu
1042 1740 1161 1807 adducit,
1180 1740 1225 1791 sed
1237 1759 1294 1791 non
1304 1758 1396 1809 semper

324 1822 488 1895 exspectanda
500 1835 624 1877 moreest.
636 1822 704 1875 Nam
716 1824 825 1895 sapienti
842 1824 997 1897 propositum
1010 1837 1045 1877 est
1059 1837 1083 1877 et
1095 1822 1161 1879 bene
1174 1822 1263 1877 rivere
1277 1862 1284 1889 ,
1303 1836 1326 1875 et
1337 1823 1396 1875 bene

324 1907 407 1974 muri,
422 1907 507 1979 itaque
519 1907 634 1961 emittere
644 1928 670 1960 ae
681 1920 775 1981 potest,
789 1920 897 1963 attamen
909 1908 937 1962 in
947 1910 999 1963 vita
1011 1930 1112 1982 qnoque
1124 1928 1274 1983 permanere
1283 1906 1396 1977 usquead

324 2006 433 2044 mortem
448 1991 609 2058 naturalem,
624 1993 645 2045 ei
656 1994 690 2045 ita
704 1992 786 2047 visum
801 1993 886 2047 fuerit.
904 1994 1027 2067 Ειοιιιρῐο
1044 2006 1102 2047 sunt
1118 1995 1233 2047 Socrates
1254 1993 1397 2063 Drususque

327 2077 399 2131 Libo.
415 2077 547 2131 Sedenim
560 2090 654 2132 temere
671 2078 721 2132 boc
734 2079 871 2132 consilium
884 2100 1017 2153 nunquam
1032 2081 1174 2133 iucundum
1192 2092 1237 2133 est.
1252 2079 1309 2147 Qui
1321 2092 1399 2131 autem

326 2162 380 2215 vim
395 2163 553 2216 afferendam
573 2162 630 2216 vita
641 2182 693 2217 ane
705 2178 816 2237 negant,
829 2163 859 2217 hi
872 2186 975 2221 omnem
986 2164 1101 2219 hominis
1113 2165 1255 2218 libertatem
1268 2164 1398 2237 jugulant,

326 2250 435 2320 ideoque
448 2249 526 2303 exitus
537 2268 567 2301 ea
577 2249 680 2301 miseria
696 2249 837 2303 occludunt
847 2250 1012 2316 horninibus,
1025 2248 1069 2320 qui
1082 2250 1263 2324 utplurimum
1275 2248 1304 2301 id
1314 2268 1346 2301 ne
1354 2270 1400 2301 co-

326 2330 407 2405 gitant
420 2331 541 2404 quidem,
561 2333 699 2404 aliquando
711 2347 735 2387 et
746 2334 794 2387 sibi
812 2356 841 2388 ca
851 2336 901 2389 hoe
914 2335 1064 2410 corpusculo
1083 2354 1135 2387 esse
1149 2332 1296 2387 exeundum
1309 2372 1317 2398 ,
1332 2345 1399 2402 atque

327 2418 433 2487 nonnisi
442 2418 544 2492 magnis
555 2417 616 2472 viris
627 2418 677 2472 boc
688 2420 768 2473 robur
779 2419 911 2475 emittendi
925 2440 951 2474 re
968 2440 1029 2473 esse.
1041 2422 1127 2488 Quem
1147 2438 1261 2472 errorem
1277 2416 1400 2471 convincit

328 2503 448 2577 exemplis
460 2503 583 2558 Germani
596 2504 728 2578 cujusdem
743 2544 751 2567 ,
764 2505 935 2578 aliorumque,
952 2506 996 2577 qui
1008 2505 1040 2558 ad
1052 2505 1128 2559 ludus
1137 2504 1319 2577 bestiariorum
1336 2500 1401 2554 missi

327 2605 354 2640 se
364 2586 412 2662 ipsi
422 2587 604 2641 interfecerint.

363 2671 460 2747 Sepias
470 2673 522 2747 jam
530 2674 561 2727 dc
573 2672 620 2728 bac
631 2694 658 2726 ra
667 2678 761 2728 Noster
771 2676 891 2749 exposuit.
900 2675 954 2729 Nec
962 2674 1053 2729 nostris
1067 2674 1221 2753 temporibus
1230 2674 1350 2735 defuere,
1360 2668 1402 2743 qni

329 2756 430 2817 inbauc
438 2778 491 2810 rem
498 2757 661 2830 inquirerent
669 2760 699 2811 ln
708 2757 800 2831 quibus
808 2759 987 2812 celeberrimus
995 2758 1064 2811 baud
1073 2757 1150 2811 dubie
1157 2771 1195 2809 est
1202 2756 1219 2809 J
1220 2778 1245 2809 u.
1256 2757 1274 2808 J
1275 2776 1312 2809 ac.
1321 2754 1403 2808 Rous-

330 2862 409 2907 aeuu,
432 2842 503 2914 cuius
529 2843 678 2896 sententiam
704 2841 732 2895 in
750 2845 825 2897 Nora
842 2844 951 2913 Helaira,
963 2843 1100 2917 expositam
1118 2842 1251 2895 habemur.
1273 2843 1335 2895 Nou
1352 2839 1403 2893 eine

330 2923 406 2978 laude
418 2923 449 2977 da
463 2925 577 2978 Suicidio
587 2967 594 2991 ‚
606 2928 676 2997 quud
690 2940 795 2992 vocant,
807 2928 859 3000 egit
869 2927 1069 3001 elegantissimus
1083 2926 1115 2979 G.
1129 2926 1160 2978 E.
1171 2923 1314 2979 Groddeck
1323 2920 1404 2991 ‚cujus

331 3008 512 3083 commentatio
523 3008 555 3061 ab
566 3009 665 3064 Ordine
678 3011 804 3086 Tbeoiug.
817 3012 1027 3087 Gottingensiuna
1041 3032 1108 3065 auno
1127 3009 1188 3065 Chr.
1210 3010 1293 3075 1785,
1305 3007 1405 3081 pantio

333 3090 488 3145 ornabatur:
499 3092 544 3164 qui
557 3112 615 3145 curu
626 3093 713 3146 multis
724 3094 798 3161 aliis,
813 3094 840 3147 in
858 3093 949 3166 quibua
961 3092 1123 3163 Trosebelius
1134 3092 1243 3157 eminet,
1258 3088 1405 3163 precipuum

335 3168 429 3227 Christi
439 3188 621 3250 preceptorum
632 3177 757 3230 rationem
769 3177 864 3231 babuit.

639 3376 750 3432 §.1³5le
768 3376 896 3435 hildilam
913 3376 968 3413 1ῦο
987 3374 1132 3431 Mirum.

386 3513 486 3581 Poan
513 3511 652 3603 longum
679 3509 895 3588 intervallum
920 3509 1099 3603 Pompeios
1129 3510 1222 3581 tuos'
1236 3524 1238 3531 ’
1254 3505 1327 3574 vidi
1346 3530 1354 3571 ι
1374 3506 1406 3583 in

338 3642 557 3722 conspectum
580 3625 816 3696 adolescentiae
840 3650 923 3712 meae
943 3624 1105 3694 reductus
1119 3648 1205 3693 uum.
1229 3620 1406 3716 Quidquid

342 3744 413 3827 illio
423 3744 563 3837 juvenis
580 3742 748 3827 fecerum,
763 3736 906 3810 videbar
926 3741 1011 3808 mihi
1028 3740 1140 3809 facere
1156 3739 1270 3806 adhuc
1288 3760 1404 3833 posse,

377 4002 635 4074 r.anper‘ostuos,i.
643 4022 666 4054 e.
673 4000 803 4053 tibicarus.
811 4000 854 4053 Sic
902 4019 922 4052 s.
940 3998 1072 4073 Neapolis.
1082 4000 1199 4052 Fortasse
1216 3995 1359 4069 possidebat
1375 3992 1408 4071 ibi

342 4084 390 4155 Ep.
399 4098 479 4150 xm,
494 4103 517 4145 1,
527 4081 645 4154 Pompeii
655 4100 756 4151 quoque
767 4079 854 4133 numi·
902 4078 977 4133 villas
988 4076 1113 4141 Lucilius,
1126 4097 1182 4150 qun
1201 4089 1236 4129 est
1252 4075 1332 4151 Lipsii
1346 4092 1407 4127 con-

343 4175 453 4228 nautur,
466 4174 491 4215 ct
499 4162 548 4233 Ep.
558 4176 623 4224 mn,
638 4178 648 4214 ι
659 4199 666 4223 ,
678 4158 852 4231 Parthenope,
902 4157 1005 4230 jecmra.
1018 4156 1109 4211 Ruth.
