2975 4992
311 486 377 552 228
585 481 638 549 ¹11.
664 474 846 548 ANNAEl
870 480 1087 551 SENECAE

310 611 437 681 vehere
464 610 578 701 imque
595 632 664 678 non
688 633 796 678 unum
820 608 931 679 locum
949 608 1111 681 insidiosa
1137 612 1310 710 voluptate
1327 638 1393 684 su-

310 744 483 825 spectum,
503 727 564 796 sed
577 750 692 795 omnes
709 726 833 812 urbes;
853 726 994 796 surdum
1010 745 1044 797 te
1061 732 1301 800 amantissimis
1318 734 1389 801 ¹tui

309 861 443 941 praests.
461 844 555 913 Bono
571 843 685 913 animo
703 843 792 911 mele
809 851 1021 937 precantur:
1042 863 1100 931 et,
1118 850 1147 917 si
1165 872 1239 919 esse
1268 852 1322 919 vis
1335 851 1390 919 fe·
1438 868 1450 898 t

309 964 374 1047 lix,
395 966 484 1033 Deos
498 984 558 1031 ors
568 1011 580 1049 ,
596 984 641 1029 ne
657 959 741 1053 quid
761 958 824 1029 tibi
842 986 884 1029 ex
901 962 980 1047 his,
1002 989 1078 1057 quse
1095 982 1282 1061 optentur,
1308 992 1393 1037 eve-

266 1087 283 1141 3
309 1078 394 1145 niat.
415 1074 493 1191 ΝΡ)
510 1090 589 1143 suut
608 1076 671 1143 ista
690 1074 801 1155 bona,
824 1090 901 1167 quae
916 1076 953 1144 in
966 1091 1000 1145 te
1015 1078 1072 1145 isti
1089 1079 1209 1148 volunt
1225 1078 1387 1175 congeri!

223 1250 229 1259 .
308 1218 415 1265 unum
424 1192 551 1279 bonum
565 1207 617 1260 ost
630 1242 641 1276 ‚
657 1190 750 1283 quod
762 1190 870 1259 bestie
882 1192 962 1260 ritae
977 1216 1079 1261 osuss
1091 1210 1126 1262 et
1138 1196 1391 1265 firmamentum

308 1323 384 1393 est,
402 1306 468 1375 sibi
483 1304 591 1373 fidere
602 1309 629 1371 ¹.
647 1306 722 1372 Hoe
739 1318 853 1371 autem
871 1306 1072 1400 contingere
1086 1330 1155 1375 non
1172 1322 1302 1401 potest,
1320 1310 1390 1376 nisi

309 1435 523 1514 contemptus
543 1435 595 1488 est
607 1412 741 1505 lsbor³,
760 1435 794 1487 et
807 1420 844 1487 in
858 1415 977 1488 eorum
986 1445 1129 1490 numero
1144 1420 1295 1507 habitus,
1313 1446 1393 1516 quse

307 1564 422 1633 neque
441 1538 531 1607 bons
550 1552 647 1621 sunt,
673 1558 788 1628 neque
809 1534 910 1605 mala.
933 1537 1030 1606 Fieri
1052 1540 1146 1607 enim
1165 1565 1234 1610 non
1250 1556 1390 1635 potest,

308 1672 346 1726 ut
358 1679 427 1725 uns
441 1676 497 1723 res
511 1652 611 1723 modo
625 1650 713 1720 mals
727 1652 792 1734 sit,
811 1652 912 1721 modo
927 1652 1016 1722 bona
1027 1683 1037 1741 3
1050 1654 1149 1724 modo
1162 1654 1248 1725 levis
1262 1673 1296 1725 et
1309 1680 1391 1751 per-

308 1770 472 1851 ferendo,
497 1767 599 1837 modo
621 1764 889 1861 expavescendo.
914 1766 1028 1836 Labor
1049 1767 1178 1837 bonum
1205 1794 1275 1837 nou
1300 1786 1355 1838 est
1381 1797 1415 1837 :·

265 1912 283 1977 4
308 1885 392 1979 quid
410 1908 493 1978 ergo
510 1898 562 1951 est
575 1881 704 1952 bonum
715 1884 730 1950 P
743 1882 887 1951 Laboris
896 1883 1117 1979 contemptio.
1132 1887 1264 1979 Imque,
1281 1885 1319 1953 in
1332 1910 1397 1954 va-

273 2085 276 2094 ,
307 2026 390 2075 num
403 1992 586 2096 operosos·⁴
599 1998 827 2092 culpaverim3
840 2020 959 2069 rursus
969 1993 998 2088 ⁵,
1012 2000 1057 2070 ml
1070 2000 1214 2071 bonests
1222 2004 1389 2086 nitentes,

308 2135 436 2214 quanto
459 2118 568 2211 magis
584 2114 824 2198 incubuerint,
840 2118 1022 2210 minusque
1043 2118 1110 2187 sibi
1133 2120 1225 2187 vinci
1246 2142 1288 2187 sc
1304 2120 1390 2186 stm’·

310 2225 418 2332 gsre‘
434 2233 654 2327 permiserint
664 2282 675 2317 ,
692 2230 910 2316 admirabor,
931 2248 966 2301 et
985 2233 1138 2302 clamabo
1166 2260 1175 2301 ι
1191 2235 1303 2304 Tanto
1321 2256 1399 2301 me-

309 2466 381 2529 prato
393 2452 498 2517 effinxit,
509 2450 615 2505 forsitan
626 2447 825 2503 excusandosob
873 2448 934 2503 ltin.
951 2452 1009 2515 Ill,
1038 2453 1086 2519 15,
1113 2451 1151 2506 ab.
1173 2452 1265 2507 Senes.
1280 2451 1398 2506 ‹le-Vita

309 2533 378 2599 boe,
391 2532 460 2604 quot
472 2529 569 2593 insula,
585 2548 662 2601 quem
681 2525 827 2580 incolebant
874 2526 940 2582 beat.
951 2528 1012 2592 ΧΠ,
1022 2528 1096 2583 3not.
1108 2530 1232 2583 Antonin.
1243 2530 1291 2599 lx,
1302 2532 1344 2597 42.
1357 2530 1400 2583 B.

312 2610 403 2681 (Hom.
413 2610 434 2664 l.
444 2631 466 2663 e.
477 2608 536 2675 sos)
544 2606 676 2682 scopulosa
686 2618 710 2659 et
718 2603 828 2677 scopulis
909 2607 934 2672 4.
948 2608 984 2659 In
997 2627 1097 2660 sonum
1110 2626 1244 2677 operosos,
1258 2608 1396 2680 quiveris

311 2701 430 2763 pretents
441 2689 528 2743 animo
539 2685 726 2739 obverssbstur.
733 2683 825 2737 Ituna
874 2683 952 2739 rebus
965 2683 1125 2755 acquirendis
1136 2685 1266 2738 insudant.

348 2785 370 2819 r.
381 2767 583 2821 Amantissimo
603 2766 644 2815 tui
658 2762 700 2815 vel
712 2762 824 2820 maximo
906 2764 931 2816 5.
943 2761 1058 2815 Rursus.
1072 2762 1199 2817 Alteram
1213 2776 1289 2837 parte.
1301 2766 1400 2820 nult.

301 2840 430 2900 'amorete
439 2844 555 2918 prosequi
567 2840 753 2901 simulantibus.
764 2838 800 2891 R.
905 2838 1023 2893 termes·
1033 2860 1065 2894 oc
1073 2844 1190 2911 strigare.
1202 2842 1313 2897 Priscam
1326 2844 1403 2897 bane

347 2944 371 2979 a.
383 2922 444 2977 Sibi
450 2923 534 2991 fidere
543 2956 551 2987 ,
561 2937 611 2972 sse
614 2918 748 2993 pendere,
761 2930 786 2971 st
796 2938 826 2970 er
874 2926 902 2968 et
909 2916 986 2969 unies
997 2937 1083 2971 reram
1100 2919 1268 2994 scripturam,
1281 2923 1402 2998 primurn

313 3022 339 3056 se
349 2999 508 3055 nascentibus
520 2998 612 3060 bonis:
628 3008 728 3050 externa
741 2994 828 3048 omnis
876 2993 908 3049 sb
916 2994 1021 3048 Erasmo
1030 2997 1186 3071 inselpriori
1193 3001 1307 3073 positam,
1314 3001 1402 3053 dein-

314 3077 469 3151 contemptui
478 3074 829 3143 bebere.Lt'ps.-·Nosterex·
877 3070 910 3126 de
920 3093 981 3127 vero
992 3074 1020 3127 iu
1031 3074 1107 3127 altera
1123 3072 1183 3129 etlit.
1196 3076 1229 3132 ab
1240 3077 1332 3131 eodem
1344 3078 1404 3131 ‹le-

314 3154 511 3231 plicstlaoeeEp.
519 3168 586 3219 retr,
598 3154 651 3206 mls
661 3150 830 3222 inquambea·
877 3163 968 3204 sertem
981 3189 989 3217 ,
1000 3153 1093 3205 merito
1102 3155 1230 3208 revocavit
1238 3154 1306 3209 Mur.
1323 3168 1350 3208 et
1359 3168 1403 3209 te-

315 3250 373 3303 tus,
390 3254 466 3307 quem
480 3234 551 3287 nulls
562 3251 602 3286 res
614 3232 740 3285 minorem
752 3230 829 3284 fseitt
879 3249 957 3284 nuere
965 3228 1032 3303 lips
1042 3243 1066 3282 et
1079 3231 1161 3285 Gron·
1172 3232 1403 3287 Esbibentautem

308 3327 384 3369 tenet
395 3332 494 3367 summa
506 3324 530 3364 et
546 3326 578 3365 ne
590 3309 635 3363 ulli
648 3310 768 3381 quidem,
781 3309 831 3362 nisi
879 3306 995 3360 eamdem
1006 3308 1086 3361 nostri
1098 3308 1171 3362 rodel.
1182 3311 1247 3381 Arg.
1255 3312 1279 3364 b.
1292 3325 1317 3363 et
1327 3312 1404 3365 Par.

315 3396 364 3450 sibi
377 3394 486 3449 innisus·
507 3390 548 3445 Cl.
564 3392 613 3466 Ep.
624 3406 692 3453 xxx,
707 3410 729 3459 7.
741 3390 831 3442 llorst.
879 3384 960 3439 bute
970 3384 1078 3439 multum
1089 3386 1143 3440 abit
1151 3389 1215 3441 Par.
1226 3392 1253 3441 d.
1264 3389 1351 3459 inquo
1361 3404 1405 3442 est

316 3478 342 3529 11
353 3477 436 3531 serm
451 3494 474 3542 7,
488 3472 530 3539 83,
543 3470 629 3541 ibique
644 3466 727 3520 Bentl.
741 3463 831 3520 nunt.
879 3466 951 3519 vinci
971 3486 1003 3519 oe
1022 3468 1165 3538 restrigore.
1177 3459 1252 3521 letius
1264 3468 1404 3542 scripture

349 3542 832 3616 3.ll'isicontemptusestlobor.Labor
878 3536 1406 3619 eimqninonpertepersnt,alismbnxe·

316 3631 384 3685 enim
394 3669 402 3695 ,
414 3629 518 3694 sanitas,
528 3646 605 3691 mors,
618 3624 730 3689 morbus,
742 3624 831 3677 ete-ad
879 3642 917 3687 re,
933 3626 997 3676 vieta
1007 3644 1173 3694 consurgere,
1192 3642 1341 3696 quamtum
1357 3630 1406 3681 ed,

315 3707 504 3773 indifferentes,
528 3706 624 3758 medias
644 3723 664 3755 s.
685 3702 832 3776 prepositus
879 3701 915 3754 A.
926 3712 950 3752 et
963 3700 999 3753 Il.
1014 3700 1136 3753 exhibent
1145 3720 1204 3754 mss.
1217 3703 1283 3773 Arg.
1295 3723 1317 3756 c·
1329 3695 1404 3756 Par.

284 3798 298 3810 ¹
315 3808 354 3841 res
367 3788 509 3861 pertinent,
525 3804 582 3857 quse
599 3803 679 3855 neque
692 3781 767 3835 bonne
779 3800 831 3833 rte-1
879 3799 904 3831 a.
917 3792 942 3831 et
954 3775 1067 3850 plerique
1081 3780 1228 3833 Gruteriani
1238 3797 1248 3846 ‚·
1259 3779 1405 3833 eamdem-

315 3866 445 3939 quemalse
455 3877 514 3919 sunt
524 3862 631 3925 Stoicis,
641 3880 687 3914 neo
694 3858 781 3912 virtuti
788 3878 829 3912 as·
878 3876 928 3929 que
948 3857 1022 3909 alteri
1035 3858 1144 3931 prtetulit
1158 3858 1243 3911 liubk.
1262 3855 1346 3911 setes.
1366 3886 1407 3901 -

313 3935 830 4017 quireudaequidqusmconlerunt:i‹leo·
878 3935 921 3989 Sis
937 3934 1025 3989 sehse.
1037 3948 1063 3988 at
1078 3934 1164 3989 llubl.
1182 3933 1406 4007 quieslislitvs’ts'a

312 4044 362 4095 que
372 4024 493 4095 indignas
504 4017 654 4085 censebant,
663 4016 755 4089 qussms
767 4014 828 4067 ani·
876 4033 1025 4085 consurgere
1037 4033 1045 4065 .·
1059 4012 1115 4067 brer
1129 4025 1165 4066 est
1181 4012 1274 4079 lectio,
1288 4012 1397 4085 inquit,

313 4120 384 4154 mum
410 4100 576 4152 sdverterent.
603 4097 724 4148 Attamen
747 4091 826 4146 oflicii
877 4091 1049 4165 plurimorum
1060 4090 1135 4144 eorlsl.
1150 4102 1175 4144 et
1190 4090 1310 4144 editionis
1324 4104 1410 4145 vetn-

313 4198 387 4235 causs
400 4178 473 4233 labor
483 4173 574 4230 eonliei
588 4174 676 4238 debet,
688 4191 731 4244 per
747 4190 775 4223 se
791 4180 827 4221 ts·
875 4180 936 4234 ste,
950 4188 1028 4241 quam
1039 4169 1259 4242 vulqstoprelero
1277 4174 1351 4224 vinei
1363 4190 1400 4223 oc

312 4276 372 4309 men
385 4254 514 4311 contemni
532 4264 649 4306 meretur.
669 4250 710 4304 cf.
727 4249 780 4303 eie.
794 4247 825 4301 tle
874 4250 1002 4317 stragan,
1018 4245 1087 4318 quod
1098 4247 1243 4303 Guilielmo
1262 4248 1410 4304 l’elisserio
