2975 4992
434 444 766 550 [pensauro
1125 467 1164 536 19

89 589 294 673 descriptum,
305 588 337 648 in
347 606 407 669 qno
417 586 510 650 verba
524 607 608 670 paene
622 587 725 649 omnia
741 587 841 670 prisco
852 606 942 648 more
954 587 1033 648 inter
1048 605 1081 648 se
1091 605 1168 648 con-

90 717 170 760 nexa
178 696 321 776 nulloque
333 694 491 758 interstitio
504 694 641 757 distincta
652 693 779 756 luissent
789 738 798 768 ,
810 695 879 756 inde
890 691 1077 776 intelligitur,
1087 693 1168 773 qnod

91 801 124 862 in
147 803 257 864 codem
273 814 378 868 nostro
399 800 503 862 codice
526 800 697 862 etiamnunc
711 800 814 862 multis
831 800 862 859 in
873 799 950 861 loeis
963 819 1025 860 non
1040 800 1168 861 discreta

92 907 173 968 inter
183 927 215 968 se
229 905 323 970 verba
338 918 425 980 sunt,
440 906 493 972 sed
502 905 620 988 penitus
628 925 775 968 connexa.
786 905 879 986 Quod
889 925 963 966 vero
978 904 1069 966 etiam
1079 917 1168 984 atque

92 1014 188 1076 etiam
202 1013 364 1076 dolendum
388 1024 449 1086 est,
475 1011 593 1074 nonnisi
614 1011 734 1073 tertiam
750 1011 815 1073 lere
827 1023 947 1094 partem
960 1007 1169 1094 Epistularum

94 1121 217 1182 Senecae
241 1119 395 1183 continent
417 1119 464 1180 bae
483 1118 677 1180 membranae.
699 1117 781 1180 Nam
790 1139 888 1200 quum
901 1118 1076 1178 universum
1089 1137 1169 1200 opus

92 1247 152 1309 per
167 1225 225 1286 tria
241 1225 394 1286 volumina
411 1224 486 1286 olim
501 1237 579 1286 esset
595 1223 805 1299 distributum,
822 1244 953 1306 quorm
966 1223 1099 1305 primum
1114 1226 1170 1301 (nt

93 1333 253 1416 suspicor)
269 1329 329 1416 Ep.
345 1348 405 1406 ως
421 1331 551 1394 alterum
575 1329 635 1414 Ep.
654 1347 726 1408 tm,
746 1352 842 1412 usque
857 1345 1021 1407 Lxxxvnt,
1046 1329 1169 1392 tertium

93 1439 228 1520 reliquas
241 1439 281 1500 ab
291 1436 350 1522 Ep.
363 1455 483 1502 Lxxxtx
492 1455 646 1514 ,-cxxlv,
664 1438 936 1523 complectebatnr;
953 1438 984 1497 in
996 1450 1100 1498 nostro
1110 1436 1170 1499 boc

91 1546 199 1608 codice
211 1545 275 1607 sere
291 1546 411 1607 nonnisi
426 1558 580 1628 postrema
598 1565 682 1628 pars,
703 1565 739 1606 ac
761 1564 799 1606 ne
816 1545 880 1606 boec
896 1543 1018 1633 quidem
1034 1546 1167 1626 integra,

91 1653 272 1716 continetur.
280 1650 374 1714 Periit
386 1650 468 1712 enim
480 1654 493 1728 (
503 1671 538 1712 ac
550 1651 652 1713 nescio
667 1671 705 1710 an
718 1652 781 1732 jam
796 1649 870 1719 olrm
882 1650 915 1711 in
931 1670 969 1711 eo
986 1649 1167 1733 exemplari,

91 1761 129 1820 de
148 1779 209 1850 qno
228 1758 392 1840 descriptus
415 1769 459 1817 est
479 1757 573 1820 codex
594 1768 707 1825 noster,
726 1755 906 1823 desideratus
923 1754 1034 1832 suerit)
1053 1756 1169 1838 primus

87 1863 270 1943 quaternio,
292 1863 342 1944 qni
365 1858 426 1944 Ep.
448 1877 569 1922 cxxxix
591 1873 620 1921 et
644 1859 781 1942 priorem
802 1874 923 1943 partem
942 1857 1003 1943 Ep.
1020 1879 1084 1937 xc,
1104 1873 1169 1921 erat

89 1969 268 2052 complexus
280 1991 288 2027 ε
300 1969 383 2050 cnjus
397 1968 428 2027 in
438 1967 555 2042 locum,
569 1987 607 2027 ne
621 1965 772 2028 delectum
786 1987 852 2028 sese
866 1968 966 2049 primo
980 1967 1171 2050 intuitu-pro·

88 2078 178 2136 deret
193 2076 288 2136 codex
308 2087 422 2150 noster,
447 2071 619 2134 substitutus
638 2085 682 2133 est
701 2073 817 2156 primus
834 2074 989 2154 quaternio
1007 2072 1170 2134 voluminis

86 2179 182 2263 primi
196 2181 303 2240 eadem
318 2185 369 2254 (ut
385 2179 518 2256 videtur)
535 2199 643 2256 manu,
666 2177 832 2256 simillimis¹
845 2192 925 2250 certe
938 2178 1051 2240 calami
1071 2181 1171 2242 ducti·

88 2285 166 2362 bns,
187 2285 295 2366 quibus
310 2286 481 2367 sequentia,
495 2284 679 2368 descriptus;
698 2305 758 2365 quo
773 2285 967 2352 continentur
983 2285 1070 2346 Pauli
1080 2284 1170 2369 Apo·
1244 2342 1247 2350 ,

85 2392 159 2454 stoli
171 2406 200 2454 et
208 2395 347 2464 Senecae,
358 2414 422 2472 quae
432 2391 506 2452 olim
517 2391 703 2462 ferebantur,
717 2391 862 2473 epistolae,
876 2413 944 2452 cnm
956 2392 1070 2453 duabus
1083 2392 1170 2477 prioss

87 2499 175 2560 ribus
185 2496 332 2588 Epistolis
344 2501 381 2560 ad
390 2496 542 2562 Lucilium
551 2511 577 2559 et
592 2511 676 2582 parte
687 2498 782 2560 tertiae
793 2495 954 2584 Epistulae,
964 2499 1064 2562 inhaec
1075 2500 1167 2562 verba

85 2607 265 2682 desinente,
281 2609 398 2668 niumm
413 2607 510 2666 tutius.
523 2608 571 2668 Sic
585 2617 714 2688 utrosque
725 2649 734 2679 ,
745 2619 809 2676 etc.
824 2627 890 2686 quae
911 2606 1005 2668 verba
1019 2609 1057 2668 ad
1077 2606 1169 2668 finem

86 2714 239 2796 leguntur.
250 2711 332 2774 Tum
347 2733 419 2774 vero
431 2715 577 2776 secundus
587 2712 746 2793 quaternio
756 2712 797 2773 ab
803 2712 851 2773 his
862 2711 997 2797 abruptis
1007 2714 1109 2775 verbis
1118 2714 1170 2773 in-

87 2820 178 2903 cipit,
196 2821 285 2881 rendu
294 2821 401 2880 urti'dus
407 2820 542 2901 fecimus.
554 2818 669 2898 Sufficit
682 2820 723 2878 ud
735 2820 768 2880 id
779 2832 882 2880 nutura
889 2867 900 2897 ,
912 2832 968 2882 etc.
982 2842 1046 2902 qrne
1056 2834 1123 2882 sunt
1132 2843 1169 2883 ex

85 2926 229 3010 Epistola
242 2945 291 2988 xc.
302 2925 422 2988 Dehinc
433 2939 534 2986 antem
548 2924 690 2992 conu'nno
703 2938 809 2987 tenore
825 2925 948 3008 relique
964 2947 1071 2989 omnes
1087 2927 1169 3012 Epi-

88 3035 192 3110 stolae,
206 3057 274 3115 quae
288 3047 319 3096 et
332 3034 363 3094 in
373 3033 441 3094 aliis
457 3021 610 3094 codicibus
619 3032 657 3092 ad
669 3045 788 3094 enatem
796 3046 935 3095 nostram
947 3050 1168 3117 pervenerunt,

88 3154 266 3222 sequuntur.
284 3138 434 3204 Ceterum
449 3141 486 3202 de
501 3138 588 3220 hujus
610 3135 732 3201 Codicis
748 3141 917 3221 praestantia
933 3141 977 3201 nil
990 3161 1066 3220 opus
1078 3156 1124 3204 est
1136 3157 1170 3204 ut

89 3246 180 3331 plura
194 3246 246 3308 hic
260 3245 354 3307 verba
367 3245 475 3308 faciam
488 3245 563 3326 :qui
577 3258 721 3327 quantum
738 3244 827 3306 nobis
843 3249 882 3307 nd
898 3249 1085 3310 emendanda
1099 3249 1170 3310 vul-

90 3369 161 3438 gata
178 3350 389 3436 Epistolarum
403 3351 512 3416 barum
524 3352 707 3433 exemplaria
718 3351 891 3424 contulerit,
905 3375 940 3414 ex
957 3352 1068 3416 criticis
1077 3353 1168 3416 Notis

90 3461 204 3522 nostris
222 3459 341 3520 abunde
359 3457 549 3541 intelligetur.
572 3455 651 3519 lllnd
668 3471 700 3517 ut
716 3479 858 3519 moneam
872 3479 934 3519 non
950 3458 1092 3528 inerit'ab
1108 3459 1168 3521 hoc

90 3569 162 3630 loco
178 3567 330 3642 alienum,
350 3585 506 3647 superesse
522 3563 675 3624 incudem
698 3541 801 3625 codice
824 3564 906 3627 clara
918 3565 1042 3648 vestigia
1057 3566 1169 3628 ueteris

88 3673 311 3736 distributionis
324 3667 530 3755 Epistolarum
544 3666 667 3730 Senecae
676 3669 708 3728 in
717 3668 890 3752 complures
902 3670 1016 3744 libros,
1029 3692 1093 3752 quae
1102 3672 1168 3734 dis--

89 3774 217 3842 tributio
235 3799 324 3858 quum
346 3777 409 3858 jam
430 3775 469 3836 A.
492 3773 586 3844 Gellii
605 3787 690 3836 aetate
713 3774 817 3838 fuisset
829 3775 864 3847 in
877 3796 949 3852 usn,
963 3775 996 3836 in
1012 3776 1164 3858 plerisque

88 3887 199 3951 deinde
215 3882 370 3946 codicibus
385 3881 520 3966 neglecta
538 3894 599 3955 est,
618 3880 650 3940 in
667 3878 734 3946 aliis
752 3901 824 3946 vero
843 3881 884 3942 ita
899 3894 1033 3958 mutata,
1048 3895 1081 3944 nt
1093 3904 1165 3945 curn

91 4094 189 4163 ei,qnae
197 4092 223 4143 in
234 4088 340 4159 antiqno
346 4087 442 4140 Codice
450 4086 584 4140 &nonum
596 4085 757 4160 conspicitur,
765 4085 808 4156 qui
814 4085 881 4155 jussu
890 4085 1038 4151 liaebionis,
1044 4087 1163 4160 Episcopi

90 4172 313 4248 Argentoratensis
324 4189 392 4223 anno
402 4168 494 4222 Christi
505 4170 568 4236 787,
581 4167 716 4238 descriptus
728 4179 765 4217 est
774 4184 781 4218 τ
790 4166 860 4237 cnjus
870 4165 964 4218 codicis
973 4166 1089 4217 notitiam
1102 4187 1160 4218 urm

89 4261 150 4312 urbe
162 4257 274 4310 litterato
285 4253 479 4318 communicavit
492 4253 589 4326 collega
607 4265 691 4305 noster
705 4253 766 4304 Cirr.
780 4251 853 4303 Gutt.
868 4251 961 4312 Koch,
980 4251 1009 4302 in
1022 4253 1122 4304 Nolim
1135 4263 1161 4304 et

90 4343 218 4397 hemian
231 4342 277 4392 des
292 4339 359 4396 Mss-
369 4341 402 4391 de
413 4340 442 4390 la
452 4335 621 4406 bibliotheque
630 4337 779 4401 nationale,
791 4345 852 4386 tom.
864 4333 930 4396 vlt,
944 4351 1001 4403 pag.
1017 4333 1061 4399 ¹73
1073 4349 1127 4403 sqq.
