2975 4992
314 440 358 514 70
607 421 649 487 L.
673 419 852 490 ANNAEI
875 417 1090 488 SENECAE

311 566 446 618 tonsum
462 554 599 644 oapnt¹',
619 566 656 618 et
671 551 955 646 negligentiorem
973 550 1132 636 barbam,
1157 564 1192 618 et
1215 545 1390 616 indictum

313 682 455 758 argento
464 652 596 751 odium,
611 683 646 736 et
654 666 769 736 cubile
779 668 873 734 humi
884 668 1048 759 positum,
1061 681 1095 734 et
1108 661 1278 758 quidquid
1289 663 1393 732 aliud

272 778 531 852 2.amhitionem
556 807 719 878 perversa
742 785 797 852 via
825 783 992 876 sequitur,
1028 785 1130 851 evita.
1160 783 1248 851 Satis
1273 783 1394 875 ipeum

304 922 438 982 ,nomen
455 899 705 994 Philosophia,
721 901 822 968 etiam
836 901 865 967 ei
879 897 1030 968 modeste
1045 914 1219 982 tractetur,
1238 899 1395 968 inuidio-

313 1037 388 1081 aum
398 1019 488 1082 eet²2
506 1013 610 1106 quid,
627 1015 656 1081 ai
670 1037 731 1082 noa
744 1015 919 1082 hominum
932 1013 1171 1083 consuetudini
1182 1015 1394 1107 coeperimue

240 1185 245 1192 .
314 1131 522 1224 excerpere?
537 1132 633 1198 Intua
651 1131 763 1198 omnia
777 1126 955 1200 dissimilia
971 1133 1040 1201 tint
1058 1159 1066 1198 :
1085 1131 1180 1200 frona
1193 1146 1308 1199 nostra
1324 1153 1394 1222 po-

224 1334 230 1342 ,
312 1245 394 1340 pulo
405 1249 586 1316 conveniat
594 1238 621 1315 ³.
634 1251 711 1316 Nou
721 1247 900 1341 splendeat
912 1265 990 1342 toga
1003 1275 1011 1315 :
1026 1272 1071 1316 ne
1080 1248 1214 1318 eordeat
1227 1246 1387 1339 quidem.

312 1366 389 1431 Non
405 1363 589 1431 habeamus
603 1380 784 1457 argentum
793 1359 821 1447 ⁴,
841 1365 877 1432 in
890 1357 1004 1458 quod⁵
1023 1364 1123 1434 eolidi
1135 1367 1213 1434 auri
1226 1363 1392 1434 celatura

314 1477 549 1548 descenderit:
562 1478 623 1547 aed
632 1502 701 1547 nou
713 1495 872 1572 putemne
883 1480 1086 1574 frugalitatis
1100 1479 1284 1563 indicium,
1299 1504 1391 1549 auro

313 1612 525 1689 argentoque
539 1597 701 1663 earuieae.
719 1595 762 1663 Id
776 1621 916 1690 agamus
922 1646 933 1682 ,
953 1613 993 1670 ut
1012 1597 1185 1666 meliorem
1205 1599 1307 1665 vitam
1327 1620 1391 1664 ee-

313 1737 470 1807 quamur‚
500 1738 602 1804 qnam
626 1713 769 1807 vulgae,
799 1737 873 1782 non
894 1730 934 1782 ut
955 1716 1158 1783 contrariam
1175 1741 1184 1780 t
1203 1715 1388 1806 alioquin,

315 1853 401 1922 quoe
413 1828 586 1897 emendari
599 1827 770 1911 volumus,
788 1828 943 1920 fugamne
960 1853 980 1897 a
998 1828 1114 1908 nobie,
1136 1844 1169 1896 et
1185 1831 1388 1897 avertimus.

273 1969 290 2022 3
315 1947 406 2016 Illud
430 1970 567 2038 quoque
593 1946 778 2030 efficimus,
806 1961 846 2012 ut
869 1946 958 2014 nihil
980 1947 1107 2015 imitari
1125 1948 1235 2015 velint
1250 1947 1389 2032 nostri,

351 2179 373 2211 ι.
390 2160 485 2226 Caput.
501 2158 592 2211 lrridet
609 2171 634 2210 et
651 2158 772 2212 Horatiae
795 2159 824 2211 in
873 2158 916 2212 Sic
933 2177 979 2212 ms.
996 2179 1018 2214 c.
1033 2179 1092 2213 cum
1115 2159 1173 2214 edd.
1184 2159 1266 2232 smus
1286 2162 1392 2228 populo

317 2241 377 2292 hrte
387 2249 452 2311 poet.
462 2237 737 2308 quosdamquieodem
748 2257 824 2310 prope
872 2241 1003 2292 conueniet
1021 2249 1111 2292 mm
1133 2257 1180 2291 rua.
1198 2239 1223 2289 b.
1240 2236 1390 2307 Utrobique

315 2316 394 2370 modo
405 2327 535 2388 poetarum
553 2335 648 2368 nomen
661 2314 826 2387 aucupaban—
873 2315 957 2368 forsan
976 2336 1027 2370 vor
1041 2328 1132 2370 nostra
1143 2337 1157 2368 e
1168 2315 1266 2370 scholio
1280 2317 1391 2370 adtrita.

313 2406 368 2447 tur:
378 2416 392 2442 ι
401 2394 566 2448 Nereiacctur
578 2393 648 2446 enim
659 2413 754 2446 nomen
763 2413 823 2464 pre-
874 2389 955 2444 Solito.

193 2536 197 2545 .
313 2471 536 2544 tiumquepoetae‚
554 2471 584 2524 si
604 2471 684 2522 tribue
696 2469 824 2544 Anticyris
905 2471 929 2537 4.
946 2472 1007 2524 Non
1018 2473 1163 2526 memus
1173 2484 1389 2542 urgentiam...

314 2541 555 2621 inpatientiae,
570 2568 700 2620 uunquam
714 2547 825 2600 Tonsori
873 2553 1036 2606 descenderit.
1057 2551 1134 2604 Recte
1153 2550 1253 2626 Lipsius
1268 2569 1274 2600 e
1292 2573 1306 2600 a
1319 2555 1390 2608 Em.

315 2627 404 2680 Licino
415 2627 577 2682 commiserit.
588 2651 601 2675 υ
802 2687 805 2698 Ι
875 2628 957 2683 hlema
967 2667 973 2694 ‚
983 2649 1003 2681 e.
1013 2629 1110 2682 Latinis
1121 2629 1223 2685 ineerta.
1236 2651 1249 2676 a
1265 2629 1391 2702 Spectant

351 2725 374 2757 a.
395 2707 562 2760 Inutiir'osum
579 2715 626 2760 est.
647 2705 717 2776 Quia
739 2718 826 2758 contra
875 2720 958 2760 autem
972 2705 1026 2760 haec
1034 2707 1066 2760 ad
1078 2707 1181 2773 luxum,
1194 2707 1239 2777 qui
1248 2707 1335 2778 utique
1344 2709 1391 2761 in-

314 2781 377 2836 vitia
388 2784 472 2837 omnia
486 2785 602 2859 pneris,
622 2802 680 2856 quc
698 2783 787 2853 utique
800 2783 827 2835 in
875 2798 912 2838 ter
924 2786 1053 2838 Romanor
1064 2785 1161 2858 viguit,
1173 2785 1393 2840 utraaitmeuaa·

314 2861 448 2936 metropoli
459 2900 466 2926 ‚
476 2876 519 2914 aut
536 2863 627 2934 qrravia
638 2879 732 2932 magna
742 2860 831 2925 urbes
864 2863 942 2915 *lihut
954 2862 1079 2935 argenteio
1094 2862 1180 2933 tigilla
1196 2883 1225 2915 ex
1242 2883 1303 2916 auro
1315 2883 1392 2937 prae-

314 2941 431 3011 inprimit
440 2961 501 2994 vero
513 2943 604 2994 llomae
617 2940 826 3004 dominabantur,
876 2939 974 3005 sertim,
988 2939 1131 3012 anaglypha
1139 2939 1313 3013 intelligenter
1321 2943 1392 2995 lacta

314 3019 482 3074 invehebatur
504 3020 664 3094 philosophia
685 3019 827 3091 quelibet:
877 3019 973 3085 (sotus
982 3017 1390 3091 auricoelotumm)illigarent‚

300 3097 367 3150 'tire
385 3097 529 3152 Stoicorum
548 3099 685 3174 dogmata,
708 3111 826 3152 naturam
875 3116 932 3168 quae
947 3116 993 3169 pro
1011 3095 1093 3151 lubitu
1112 3095 1182 3148 demi
1199 3108 1276 3167 atque
1292 3097 1394 3150 variari

315 3190 367 3229 etse
380 3177 535 3246 sequendam
549 3218 556 3245 ,
570 3191 615 3232 etc.
633 3171 823 3251 praecipientia,
874 3186 991 3248 poteraut
1009 3191 1016 3225 ι
1037 3171 1245 3244 quandoquidem
1276 3175 1394 3229 recentia

314 3253 368 3309 eive
385 3256 492 3328 Epicuri
510 3255 611 3308 decreta
630 3268 706 3326 atque
722 3267 826 3306 senten-
874 3269 933 3304 vata
942 3271 1021 3322 eaque
1037 3263 1149 3303 recenter
1160 3263 1247 3304 ornata
1260 3249 1288 3302 in
1299 3253 1395 3304 conei-

315 3337 378 3400 tiae,
391 3336 420 3389 in
437 3335 528 3408 quibus
545 3335 625 3388 animi
644 3334 789 3387 emendatio
802 3345 827 3386 et
874 3330 939 3395 viia,
952 3349 1008 3402 qun
1023 3329 1097 3382 luxus
1113 3329 1173 3382 tatia
1191 3328 1334 3400 frequentia
1343 3349 1393 3400 ap-

228 3433 234 3443 '
315 3416 376 3469 iude
395 3434 503 3468 manant
520 3413 635 3484 uoluptat
654 3413 723 3478 (vide
739 3412 825 3465 locum
874 3409 985 3486 paravit,
996 3428 1093 3484 temper
1105 3429 1232 3481 apponere
1243 3429 1296 3461 non
1307 3407 1395 3462 licuit.

315 3493 546 3566 pratantiueimum
568 3491 676 3543 Luciaai
692 3491 768 3542 'l'oim
790 3491 826 3556 V,
871 3489 965 3542 'Cicero
987 3487 1138 3540 emblemata
1154 3485 1326 3562 appellat..Gl.
1339 3485 1394 3537 Er-

315 3593 340 3646 p·
357 3571 418 3636 tofi,
432 3571 502 3643 Bip.)
515 3568 672 3623 severissime
683 3567 828 3640 postulabo·
876 3568 943 3622 nesti
955 3566 1028 3619 clav.
1041 3565 1094 3618 OEe.
1107 3567 1243 3618 Coeluuam
1261 3565 1289 3616 id
1308 3584 1333 3634 q.
1349 3564 1395 3614 τί·

256 3656 260 3666 ‘
316 3664 366 3716 tur,
376 3650 532 3724 spectaverit.
548 3647 622 3718 Quid
635 3647 773 3719 (liuenti
781 3647 829 3699 hae
860 3645 1395 3721 ¹propi.(il.lleyniiantiquar-elulfretaell,

315 3729 430 3782 modesta
448 3727 597 3782 tractatione
617 3725 710 3778 amhn
722 3762 731 3788 ‚
744 3745 791 3776 noa
814 3744 828 3777 a
878 3748 902 3798 p.
916 3728 976 3792 145,
995 3746 1049 3798 aqq.
1063 3736 1088 3777 et
1098 3723 1240 3778 Schneider
1252 3725 1280 3776 in
1298 3723 1395 3778 herico

315 3808 428 3861 moribus
439 3805 544 3880 receptis
554 3804 690 3867 hominum
702 3823 830 3876 separare·
878 3823 953 3878 graec.
964 3807 996 3859 ed
1006 3801 1163 3874 vocaepuie.
1175 3803 1225 3856 llic
1237 3802 1310 3856 luxus
1326 3802 1397 3854 lter»

316 3886 445 3950 mamlia
454 3903 534 3955 eaque
546 3883 712 3941 diversissima
722 3880 827 3935 vivendi
879 3883 1057 3936 calanensibus
1077 3880 1269 3951 antiquitatibus
1288 3880 1398 3936 detectis

316 3963 429 4016 instituta
437 3961 590 4032 aequente?
607 3963 695 4034 ltaque
713 3962 827 4026 medium
877 3973 901 4016 et
915 3960 1011 4036 publici
1023 3959 1084 4030 iuria
1096 3959 1181 4022 tertie,
1192 3959 1219 4014 io
1230 3957 1337 4018 clariore
1345 3959 1398 4012 de-

317 4052 446 4096 terreamus
459 4042 524 4094 inter
538 4042 636 4094 cultum
646 4041 795 4112 exquisitum
804 4053 829 4091 et
878 4059 947 4092 mum
958 4039 1013 4092 luce
1025 4039 1118 4112 potitus
1130 4051 1174 4095 tet·
1186 4037 1273 4092 Ruti.

318 4140 441 4193 asperum.
455 4120 547 4174 Riihl.
832 4164 835 4176 .
891 4120 934 4188 .⁵·
952 4117 989 4170 In
1000 4117 1077 4184 quod.
1091 4115 1159 4170 Vide
1172 4135 1205 4170 ne
1217 4135 1306 4170 rerum
1320 4115 1353 4168 tit
1363 4118 1398 4168 in

351 4199 375 4251 3.
393 4201 480 4252 Frons
488 4199 829 4266 noatmpopuloconoeniat.
878 4215 943 4264 quo,
955 4193 1024 4264 quod
1035 4213 1091 4246 cum
1100 4193 1171 4248 editt.
1180 4205 1240 4246 vett.
1247 4205 1396 4266 agnoscunt
