2975 4992
350 412 413 507 176
639 396 680 485 n.
706 395 878 483 suunt
900 392 1120 481 sunnon
1218 419 1222 427 ’

344 543 419 624 vel,
439 539 531 637 quod
546 543 658 616 videri
676 544 784 614 mavis
796 554 821 626 ¹,
840 542 1008 611 incidisti:
1025 544 1102 609 Non
1119 555 1171 609 eet
1187 519 1278 632 quod
1294 535 1340 609 ud
1352 541 1408 610 ul·

344 660 491 726 teriora¹
505 661 643 748 nitarisq
664 676 723 729 eut
742 658 865 752 perdes
883 659 1153 743 excusationem,
1174 671 1213 725 et
1235 658 1409 753 apparebit

344 785 378 840 te
393 796 461 841 non
476 774 636 844 incidisse
646 769 673 842 ³.
693 777 762 843 Ista
778 774 869 841 enim
883 794 959 865 quae
977 771 1045 840 dici
1060 773 1191 857 solent,
1210 771 1293 841 falsu
1307 788 1405 841 sunt:

304 890 322 957 t
349 892 458 987 «Non
484 892 579 984 potui
606 887 725 959 aliter!
752 887 859 984 quid,
887 890 916 957 'si
943 886 1096 957 nollem?
1117 910 1257 959 neeesse
1275 887 1368 959 erut!
1388 914 1407 953 s

344 1004 437 1075 Nulli
455 1030 592 1075 necesse
612 1024 663 1075 est
679 997 899 1074 felicitatem⁴
913 1028 1015 1074 cursu
1032 1005 1130 1097 sequi
1147 1031 1157 1073 s
1172 1020 1225 1073 est
1241 996 1407 1098 ⁵aliquid,

345 1119 446 1187 etiam
464 1120 492 1186 si
510 1143 578 1189 uon
597 1142 812 1215 repugnare,
827 1117 1033 1207 subsistere,
1048 1142 1114 1189 nee
1128 1118 1257 1187 insture
1269 1120 1411 1189 fortune

347 1226 503 1305 ferenti⁶.

394 1353 568 1445 Numquid
586 1352 791 1438 offenderis,
818 1352 848 1421 si
872 1354 910 1421 in
927 1351 1105 1421 eonsilium
1123 1376 1193 1421 non
1209 1354 1311 1421 venio
1336 1367 1410 1421 tan-

348 1489 437 1558 tum,
452 1475 513 1543 s'ed
523 1476 660 1545 ‚advoco
676 1472 834 1568 equidem
846 1457 1105 1568 prudentiores²
1118 1498 1219 1567 quum
1232 1477 1307 1569 ipse
1319 1499 1408 1561 sum3

346 1591 391 1660 ud
409 1590 495 1683 quos
511 1591 603 1661 soleo
628 1585 803 1674 delerre⁸,
824 1591 853 1658 si
871 1588 956 1683 quid
973 1588 1315 1684 deliberoi'Epieuri
1335 1592 1413 1683 epi·

250 1772 251 1777 ,
347 1705 490 1775 stolum⁹
507 1706 653 1776 adhunc
667 1730 738 1775 rem
753 1705 979 1798 pertinentem
991 1703 1067 1796 lege
1080 1707 1121 1786 ¹⁰,
1142 1704 1327 1775 Idomeneo
1339 1730 1412 1797 quse

347 1823 527 1910 scribitur3
546 1846 647 1915 quem
665 1835 784 1915 rogat,
803 1834 859 1903 ut,
883 1834 1082 1910 «quantum
1099 1833 1232 1913 potest,
1255 1820 1366 1913 fugiet
1380 1835 1413 1889 et

346 1952 528 2031 properet,
546 1953 724 2029 antequam
742 1932 859 2030 aliqua
875 1934 928 2003 vie
945 1934 1052 2027 major
1067 1934 1293 2017 interveniet,
1312 1950 1346 2003 et
1359 1957 1413 2003 eu·

308 2062 323 2116 ⁵
348 2054 434 2126 serat
449 2053 641 2127 libertatem
653 2050 876 2123 recedendi.»
890 2048 987 2122 Idem
997 2064 1111 2121 tumen
1121 2049 1272 2144 subjicit,
1293 2077 1312 2117 u
1328 2049 1415 2122 nihil

347 2292 453 2355 virere,
472 2290 526 2347 aive
537 2290 634 2363 perire,
655 2289 741 2357 Quam
759 2288 858 2359 semper
938 2284 1415 2358 5.Eatuliquid‚etiomi,ete.ssom-

347 2370 455 2441 pendere
466 2366 537 2439 gravi
548 2366 576 2419 in
589 2364 733 2421 discrimine
740 2363 857 2417 Martis.»
904 2366 1007 2419 modius
1022 2367 1059 2420 sic
1075 2365 1216 2439 distingues
1233 2378 1298 2420 :eet
1313 2370 1416 2438 aliquid

346 2444 465 2517 lipsius.
904 2450 1003 2510 edum,
1017 2449 1042 2497 si
1058 2457 1105 2496 ete.
1119 2442 1168 2497 Cui
1187 2444 1316 2499 locutioni
1331 2446 1415 2501 latino

382 2544 404 2577 1.·
414 2524 542 2593 Velthd
548 2522 635 2575 videri
642 2522 735 2573 mavis.
744 2517 857 2572 Siediut
903 2523 1012 2577 omnino
1034 2522 1166 2596 respondet
1189 2522 1292 2575 Gallica
1314 2537 1415 2578 nostra:

314 2620 317 2629 “
346 2601 466 2657 nonnulli
486 2602 559 2654 codd.
578 2620 618 2674 ap.
639 2598 713 2651 Grut.
736 2598 854 2669 Lipsius,
903 2599 964 2655 e'est
975 2604 1091 2667 eoujours
1103 2602 1213 2669 quelque
1223 2599 1308 2655 chose.

346 2696 421 2749 quem
427 2680 540 2731 Muretus
552 2689 671 2745 sequutus
682 2696 734 2729 esse
743 2676 854 2740 videtur,
937 2675 961 2727 6.
975 2676 1211 2747 Fortunoeserenti.
1220 2677 1242 2728 I.
1255 2698 1277 2729 e.
1290 2676 1416 2731 secundae·

346 2756 426 2815 Eleet.
436 2754 465 2823 l,
477 2775 499 2807 c.
514 2754 544 2807 ali
556 2754 641 2825 (Opp.
651 2755 732 2806 tom.l
743 2790 752 2817 ,
763 2773 787 2824 p.
796 2754 854 2818 lor)
905 2753 966 2805 vid.
977 2772 1065 2825 supra,
1075 2754 1312 2819 nond-Arena
1321 2774 1416 2807 neun-

346 2834 478 2907 ingeniose
490 2833 667 2885 emendaverat
677 2870 685 2896 ‚
695 2832 799 2904 vulgata
809 2850 855 2883 re·
904 2830 980 2884 dante
998 2832 1072 2887 ducta
1082 2832 1229 2907 metaphora
1245 2846 1270 2887 et
1284 2833 1416 2887 simillima

346 2912 451 2985 probatu
462 2928 469 2964 ε
479 2914 523 2965 atel
532 2912 605 2982 quod
613 2911 854 2981 vidertpotessme·
902 2913 931 2961 in
943 2909 1006 2963 Stat.
1017 2910 1058 2973 ll,
1070 2909 1193 2964 Thabute.
1206 2935 1220 2963 ι
1234 2912 1417 2983 Quantumque

341 2994 396 3061 jus.
407 2990 497 3057 Rulrk.
902 2986 1023 3041 ferentem
1033 2987 1175 3040 Fortunam
1185 2988 1278 3042 virtute
1289 2990 1389 3041 domas.
1401 3008 1416 3034 a

381 3088 403 3120 a.
415 3068 476 3120 Non
486 3077 539 3133 est,
555 3067 627 3137 quod
640 3065 680 3117 ad
695 3065 818 3117 ulteriora
834 3082 855 3116 s.
903 3066 1014 3137 Uterque
1023 3066 1094 3127 vult,
1106 3068 1213 3122 modum
1229 3059 1309 3122 etiam
1323 3069 1417 3120 ferenti

346 3164 468 3208 munera,
481 3143 600 3196 honores.
609 3140 699 3194 Rutrk.
903 3156 929 3197 et
939 3142 1053 3197 efferenti
1060 3147 1170 3199 sonunt
1182 3146 1259 3219 poni:
1270 3159 1298 3199 et
1303 3144 1418 3199 contrahi

379 3222 403 3274 3.
418 3222 455 3275 Te
466 3241 518 3273 non
527 3222 653 3273 incidisse.
665 3221 701 3271 At
711 3231 798 3271 eontn
809 3238 854 3271 vo·
902 3220 959 3273 vela
967 3221 1028 3274 dum
1039 3235 1128 3275 ventus
1136 3243 1151 3276 a
1158 3223 1237 3297 puppi
1243 3223 1344 3297 implet.
1352 3223 1417 3277 Vide

345 3296 442 3351 luntate
451 3311 474 3350 et
483 3295 635 3350 arbitriotuo
643 3296 669 3347 in
677 3294 777 3349 mrbem
784 3295 854 3349 illam
904 3298 935 3351 de
946 3299 998 3351 tit.
1008 3302 1079 3353 Beat.
1090 3322 1144 3375 esp.
1159 3320 1198 3359 ra.
1206 3301 1329 3371 Lipsius.

264 3436 266 3439 .
348 3388 373 3428 st
395 3375 532 3428 tumultum
558 3386 583 3427 te
609 3386 699 3447 sponte
726 3373 854 3427 invectum
938 3399 963 3447 7.
973 3378 1105 3447 Equidem
1113 3383 1305 3449 prudentiores.
1316 3380 1418 3435 Siems.

346 3451 431 3506 fuisse.
905 3459 929 3511 b.
940 3476 997 3510 eum
1005 3457 1136 3511 nonnullis
1143 3458 1268 3512 Pinciaui.
1280 3458 1361 3512 Cous.
1373 3460 1418 3532 Ep.

380 3524 405 3595 l,
414 3528 577 3583 Felicitatem
584 3549 660 3601 quam
668 3528 803 3583 multitudo
811 3528 858 3581 luo-
904 3550 945 3603 ιι,
956 3548 980 3587 et
990 3535 1026 3588 ibi
1037 3548 1090 3588 not.
1099 3533 1187 3609 Vulgo
1196 3539 1346 3605 etquidem.
1353 3538 1385 3591 S.

347 3608 448 3661 minum
454 3628 500 3680 pro
510 3626 569 3660 vera
578 3619 602 3658 et
608 3607 705 3659 sincera
715 3604 807 3659 habere
818 3626 857 3658 so·
938 3615 963 3665 8.
974 3612 1090 3680 Referre.
1103 3612 1147 3667 Sie
1160 3612 1220 3667 libri
1229 3616 1313 3669 nostri
1322 3636 1420 3670 omnes.

348 3684 566 3739 let-Enimveroid
574 3686 623 3754 jam
631 3684 699 3737 laudi
707 3682 856 3757 est,petgit,
904 3689 991 3761 Vulgo
1007 3690 1111 3761 referre,
1123 3710 1139 3743 ι
1157 3691 1277 3760 Murem,
1293 3693 1339 3747 eui
1354 3712 1420 3747 uuus

348 3782 402 3815 non
418 3760 492 3826 dico,
510 3762 568 3815 slei
584 3763 764 3834 repugnaveris
775 3783 783 3825 ς
796 3782 857 3815 nam
905 3768 1057 3839 suffragatur
1069 3767 1124 3820 Pal.
1137 3780 1192 3821 tert
1201 3767 1284 3823 Selom

348 3839 398 3893 boe
413 3840 536 3893 indicium
546 3841 639 3910 ¹magni
655 3840 735 3893 animi
747 3859 799 3894 esse
811 3860 857 3913 pu-
938 3862 962 3914 q.
973 3844 1226 3913 Ept‘eruiepiatolum
1236 3847 1419 3905 adldomenea

349 3929 408 3984 test,
422 3916 464 3970 sed
477 3918 497 3969 si
508 3930 592 3970 tamen
605 3916 734 3985 subsistas,
748 3916 857 3987 uersor*
908 3920 1062 3995 deperditam
1073 3924 1420 4003 esse,jamadprioremepi·

348 4002 419 4047 tunoe
431 3995 525 4065 fiunti
535 3994 551 4047 i.
566 4015 588 4046 e.
601 3996 736 4063 secunde,
747 4007 771 4046 te
787 3994 857 4047 abri·
905 3998 996 4051 stolem
1008 4000 1025 4071 ς
1037 4000 1066 4067 3,
1078 4013 1103 4055 et
1121 4002 1150 4055 iu
1163 4005 1271 4078 Argum.
1282 4005 1420 4060 declaravi.

350 4072 428 4145 pienti
437 4073 463 4125 in
476 4073 603 4145 fastigium
612 4066 715 4137 {instes
726 4113 734 4141 ‚
746 4074 857 4130 studiose
905 4076 997 4132 Ruth.

352 4170 407 4204 eam
419 4150 538 4222 sequaris.
551 4150 640 4205 Rult.
941 4171 979 4206 ro.
992 4151 1067 4225 lege.
1079 4156 1124 4210 Sic
1131 4156 1171 4209 ed.
1180 4158 1217 4209 A.
1230 4176 1289 4210 cum
1302 4177 1351 4212 ms.
1362 4158 1389 4210 b.
1399 4176 1422 4211 s.
