2975 4992
303 501 370 566 550
594 497 637 567 L.
664 499 845 567 ANNAEI
866 499 1086 569 SENECAE

302 642 369 709 eet,
390 640 430 694 ut
447 623 549 720 vulgo
565 625 729 710 creditur,
752 627 798 696 ad
813 628 899 698 alios
914 628 1112 722 pertinenr3
1134 631 1279 698 maxima
1294 654 1376 725 pare

302 739 377 831 cjuc
395 741 433 807 in
453 763 490 808 ee
510 739 611 808 redit.
633 743 740 810 Nemo
761 765 853 827 non,
877 767 984 834 quum
1004 742 1107 810 alteri
1125 742 1286 836 prodest,
1307 744 1374 813 tibi

246 881 275 927 ιι
303 855 445 948 profuit.
455 857 722 924 Noneonomine
732 855 825 941 dico,
840 856 934 948 qnod
946 856 1038 926 volet
1046 856 1209 950 adjurare
1219 859 1372 952 adjutus,

301 990 482 1068 protegere
499 972 675 1055 defensus,
697 972 792 1065 quod
809 974 936 1042 bonum
958 975 1149 1067 exemplum
1167 976 1315 1044 circuitu
1328 975 1374 1043 nd

303 1089 480 1158 facientem
498 1091 698 1175 revertitur3
716 1092 806 1158 sicut
821 1091 911 1160 mela
924 1092 1078 1185 exempla
1089 1092 1249 1160 recidunt
1261 1093 1300 1160 in
1312 1116 1376 1159 an-

303 1221 437 1290 ctoree,
463 1228 528 1274 nec
552 1204 624 1274 ulla
650 1207 823 1274 miseratio
848 1211 1018 1302 contingit
1039 1209 1096 1276 hir
1117 1211 1179 1302 qni
1196 1209 1376 1303 patiuntur

302 1323 463 1414 injuriae,
479 1344 564 1414 quae
578 1344 677 1414 poree
691 1320 787 1404 fieri,
803 1323 959 1392 faciendo
973 1324 1165 1393 docuerunt
1181 1351 1190 1391 ε
1205 1323 1266 1392 ted
1280 1321 1375 1416 qnod

301 1439 464 1534 virtutum
476 1438 626 1506 omnium
641 1441 650 1472 ¹
669 1439 818 1531 pretium
834 1440 873 1507 in
888 1441 973 1533 ipeie
989 1457 1053 1508 eet.
1070 1443 1148 1508 Non
1160 1441 1253 1507 enim
1268 1462 1376 1506 exer·

301 1571 423 1625 centur
447 1554 492 1624 ad
516 1557 694 1649 premium
720 1581 730 1622 ι
755 1572 848 1624 recte
872 1557 975 1638 facti,
1004 1556 1126 1624 fecisse
1147 1577 1280 1624 mercer
1307 1570 1371 1622 eet.

246 1675 276 1728 ¹8
302 1672 427 1742 Gratus
443 1695 535 1752 eum,
549 1654 625 1740 'non
639 1684 678 1738 ut
694 1668 781 1739 aliur
798 1668 884 1738 mihi
901 1670 1064 1740 libentius
1083 1685 1242 1763 prestet,
1261 1671 1375 1762 priori

302 1788 454 1855 irritatur
470 1785 648 1880 exemplo,
677 1784 739 1855 sed
764 1803 803 1856 ιιι
826 1811 899 1856 rem
918 1786 1203 1879 jucundissimam
1221 1809 1263 1854 ac
1286 1785 1376 1879 pul-

301 1901 505 1970 cherrimam
529 1900 665 1969 faciam.
688 1902 815 1972 Gratus
831 1924 927 1983 eum,
947 1923 1018 1968 non
1034 1901 1118 1992 quic
1134 1898 1295 1993 expedit,
1313 1897 1375 1968 ted

303 2015 384 2106 qnia
395 2014 504 2106 juvat.
526 2015 600 2082 Hoc
623 2028 662 2084 ιιι
688 2015 774 2084 eciar
796 2014 844 2081 itn
867 2036 940 2081 erte
961 2040 971 2081 ε
990 2015 1172 2107 nigratum
1187 2017 1284 2081 καθ’
1303 2036 1376 2080 non

302 2131 421 2198 licebit
428 2179 441 2215 ,
459 2131 524 2198 nisi
549 2145 589 2197 ut
608 2127 728 2198 ridear
749 2131 926 2222 ingratue3
945 2131 975 2196 ei
996 2129 1144 2200 reddere
1166 2129 1376 2198 beneficium

303 2269 373 2314 non
389 2245 490 2314 aliter
505 2270 607 2339 quam
623 2269 688 2340 per
704 2249 854 2340 speciem
869 2246 1004 2339 injuriae
1021 2264 1161 2342 potero3
1181 2248 1376 2340 mquizeimo

303 2364 416 2431 animo
440 2363 485 2432 nd
507 2363 685 2432 honestum
704 2363 907 2446 consilium,
927 2388 992 2457 per
1008 2362 1155 2434 mediam
1174 2364 1373 2444 infamiam,

247 2513 278 2569 ¹9
303 2478 452 2548 tendam.
479 2482 586 2548 Nemo
611 2478 696 2546 mihi
714 2477 852 2548 videtur
869 2481 979 2572 pluris
1003 2483 1170 2550 aeetimnre
1192 2484 1373 2565 virtutem,

300 2620 401 2666 nemo
417 2595 470 2664 illi
487 2595 593 2687 magis
610 2617 684 2662 cese
700 2591 861 2680 devotus,
881 2619 982 2686 quem
999 2598 1060 2688 qni
1074 2596 1156 2664 boni
1169 2598 1238 2666 viri
1252 2597 1376 2666 famem

302 2711 473 2806 perdidit,
499 2735 543 2780 ne
568 2703 809 2780 enutrientium
835 2710 1008 2804 perderet.
1035 2711 1180 2804 Itaque,
1206 2728 1248 2780 nt
1274 2713 1373 2796 dixi,

303 2830 431 2922 majore
448 2844 520 2912 tuo,
541 2853 640 2921 quam
651 2829 792 2898 alteriue
808 2829 913 2916 bono,
932 2843 1047 2922 gratur
1059 2853 1109 2898 ee.
1123 2829 1181 2898 Illi
1193 2829 1377 2898 enimvul-

304 2950 397 3040 gerit
414 2963 448 3014 et
463 2945 660 3038 quotidiana
676 2971 731 3014 ree
748 2948 909 3042 contigit,
928 2947 1083 3038 recipere
1096 2947 1191 3039 quod
1208 2944 1374 3031 dedcmt3

216 3071 218 3076 “
303 3061 368 3129 tibi
385 3083 525 3154 magna,
546 3074 580 3128 et
597 3084 639 3128 cx
655 3060 848 3128 beatissimo
870 3059 976 3128 animi
992 3074 1082 3128 statu
1099 3060 1270 3152 profecta,
1290 3082 1378 3152 grn-

247 3221 279 3256 20
304 3194 376 3247 tum
397 3177 511 3245 ferisne.
531 3179 616 3245 Nam
635 3178 664 3245 ei
681 3177 810 3245 malitia
827 3178 969 3245 miseros
988 3177 1089 3258 facit,
1105 3177 1215 3244 virtue
1232 3175 1374 3257 beatos,

305 3310 438 3389 gratum
456 3308 568 3362 autem
585 3317 658 3362 esee
676 3294 785 3363 virtue
809 3309 878 3381 ειη
897 3317 971 3361 rem
988 3292 1145 3361 usitatam
1169 3291 1375 3378 reddidisti,

305 3407 575 3478 inaeetimabiicm
588 3423 885 3500 contemtores,
899 3408 1141 3477 conscientiam
1155 3408 1263 3500 gmti3
1276 3431 1374 3499 qum,

305 3527 371 3598 nisi
390 3528 427 3594 in
442 3526 594 3594 animum
618 3525 772 3594 divinum
796 3527 1093 3620 fortunatumque,
1114 3548 1186 3594 non
1201 3525 1373 3618 pervenit.

353 3645 394 3712 ln
420 3645 626 3713 contrarium
651 3658 762 3711 nutem
789 3643 871 3711 huic
893 3642 1053 3711 affectum
1070 3665 1200 3714 summa
1221 3641 1377 3710 infelici-

304 3893 422 3936 mstmm
433 3887 502 3936 em'm
513 3883 541 3934 in
556 3881 601 3934 froc
613 3881 716 3932 bonnm
730 3876 814 3933 Satn.
861 3879 928 3933 dam.
937 3878 976 3932 ct.
983 3877 1223 3954 Lipeiifflrnndli,
1233 3875 1382 3930 amantes

304 3987 338 4002 -
348 3962 398 4014 int.
415 3959 466 4035 Ipsi
482 3960 591 4014 fruimur
602 3958 675 4011 relati
695 3955 813 4011 benefitii
861 3956 1061 4010 -claudianm
1073 3972 1080 4009 ι
1093 3957 1169 4030 «Ipse
1178 3955 1284 4028 quidem
1293 3955 1374 4007 virtus

304 4041 394 4114 pretio.
861 4036 1037 4108 pretinmribi.
1048 4057 1063 4083 ι

340 4139 362 4172 ι.
376 4117 434 4173 Sed
442 4122 512 4188 quod
522 4123 649 4172 virtutum
658 4121 813 4170 omninum..
895 4136 921 4168 π.
939 4115 973 4168 Si
983 4127 1091 4184 gratum
1106 4133 1188 4168 me„
1204 4117 1332 4184 ingram
1342 4113 1374 4165 Si

304 4205 350 4250 e'st.
360 4197 405 4249 Eut
416 4196 520 4249 stoicum
534 4196 626 4269 dogma
637 4196 694 4249 tatis
705 4209 811 4263 notum,
861 4193 931 4247 nulla
943 4193 1011 4246 mihi
1022 4192 1119 4246 alini·
1130 4193 1237 4266 gretiam
1249 4192 1375 4244 referendi

304 4274 423 4330 virtutem
434 4287 534 4350 propter
544 4274 623 4348 ipsam
634 4293 686 4328 etse
697 4293 815 4329 excreen-
862 4284 964 4345 peteret,
973 4291 1049 4344 quam
1057 4271 1078 4325 si
1084 4272 1180 4341 aliquid
1187 4273 1296 4325 facerem
1302 4271 1375 4341 qnod
