2975 4992
367 443 640 513 EPISTULA
663 441 903 512 LXXXIII.
1101 446 1167 514 565

98 599 184 669 gens
203 575 422 669 magnitudo,
443 597 506 668 pro
524 575 678 642 vastitate
695 575 848 668 corporis
866 571 994 656 solida,
1016 575 1166 650 serrum.

96 707 133 758 et
151 691 324 784 quidquid
342 690 499 759 humanm
516 705 683 760 torserant
701 714 836 773 manus,
858 689 1018 782 rejiceret
1039 688 1169 756 :moia-

96 806 198 876 ribus
210 804 347 874 domum
361 806 466 876 fracta
478 807 566 874 saxis
580 822 642 876 est.
659 811 702 880 Et
716 807 878 876 adversus
893 808 1036 876 mortem
1050 821 1087 874 tu
1102 822 1170 873 tam

98 925 233 992 minuta
245 921 432 1016 jacularis?
449 921 570 990 subula
582 921 715 992 leonem
731 923 884 1015 excipis?
895 923 1004 990 Acuta
1015 937 1095 990 sunt
1107 921 1169 989 ista

97 1063 178 1132 quae
195 1038 307 1107 dicis:
331 1037 417 1106 nibil
440 1053 492 1107 ast
509 1039 641 1107 acutius
661 1039 777 1106 arista.
796 1037 962 1138 Quasdam
979 1037 1113 1106 inutilia
1135 1053 1180 1106 et.

64 1149 66 1152 ’
98 1154 295 1224 iueffioacia
311 1155 385 1247 ipsa
401 1154 568 1223 subtilitas
585 1153 712 1227 reddit.
733 1154 828 1225 Vale.
1009 1154 1013 1160 ’

98 1404 178 1454 qnam
188 1395 289 1438 secutus
301 1399 367 1437 sum.
381 1382 458 1436 tum.
465 1405 500 1420 -
510 1381 611 1456 Lipsius
659 1383 796 1438 lectionem
802 1402 874 1436 susm
881 1382 1072 1448 damnaverant,
1082 1383 1168 1438 melio·

99 1477 124 1515 et
136 1463 224 1518 naht.
238 1463 282 1532 qui
293 1462 399 1534 Python
416 1461 546 1516 edidersnt
565 1460 613 1536 ipsi
661 1479 764 1532 remque
776 1459 916 1513 desidente
926 1479 953 1514 se
966 1459 1092 1515 dicebant

99 1677 1170 1710 Μ

340 1861 644 1971 srtsrost
672 1865 934 1953 Lxxxtrt.

571 2099 706 2122 n*—

140 2303 222 2342 neunt
241 2299 386 2342 ntsrtcm
402 2297 538 2338 uontttutt
555 2297 901 2338 sttruos-ttrvxtvnrutt
917 2298 954 2338 ΑΒ
971 2297 1131 2340 trorcotturt

348 2379 501 2431 tuturus,
519 2377 683 2419 Pfflffl'm
701 2379 737 2418 D!
754 2380 918 2419 tumturn.

134 2503 228 2558 Amico
240 2513 331 2567 narret,
342 2499 404 2572 qnid
414 2499 490 2553 bodie
497 2498 592 2565 iecerit,
604 2510 628 2552 st
637 2500 678 2551 eui
687 2499 724 2552 rei
734 2499 848 2552 animum
858 2500 983 2571 adjecerit.
994 2501 1082 2570 Quom
1092 2512 1168 2554 totam

102 2589 170 2642 bant
182 2588 250 2641 diem
262 2586 326 2639 inter
337 2597 441 2638 stratum
461 2595 485 2637 et
495 2583 630 2636 lectionem
643 2583 781 2649 dividerit,
793 2583 930 2637 minimum
943 2585 1112 2639 exercitationi
1123 2587 1168 2639 de-

101 2673 186 2735 derit,
198 2670 270 2724 nulls
277 2681 377 2722 exterus
388 2687 414 2720 re
422 2705 430 2732 ‚
438 2685 520 2738 neque
528 2684 618 2719 somno
629 2702 638 2731 ,
648 2669 730 2733 neque
741 2665 843 2741 strepitu
854 2679 879 2720 et
889 2667 999 2721 elamore
1010 2667 1168 2722 Circensium

102 2755 292 2829 interpellatus,
312 2751 489 2825 disputationi.
508 2769 585 2822 quem
603 2749 686 2823 priore
707 2751 811 2826 epistole
828 2763 990 2830 tractaverat,
1007 2751 1122 2807 animum
1142 2772 1169 2804 se

101 2838 247 2892 admovisse
255 2837 306 2903 sit,
318 2857 363 2890 eur
373 2835 421 2889 viri
431 2833 627 2909 prudentissimi,
637 2835 700 2887 etin
710 2833 751 2886 bis
761 2835 842 2903 Zeno,
853 2835 972 2889 maximas
984 2855 1023 2888 res
1035 2837 1168 2892 levissimis

102 2921 267 2995 probaverint
277 2919 439 2994 argumentis.
451 2919 571 2972 Coniutst
577 2917 654 2990 igitur
663 2917 733 2971 bunc
743 2918 828 2972 stoicte
839 2931 912 2973 secto
922 2919 1089 2990 conditorem,
1098 2925 1168 2994 qnod

102 3006 231 3078 dogmatis
236 3006 290 3058 reri
302 3003 505 3072 (Bonumvirnm
515 3022 567 3056 non
575 3005 688 3056 futurum
699 3001 808 3068 ebrium)
816 3041 825 3070 ,
833 3003 1008 3078 probationem
1014 3004 1169 3060 levissimam

103 3104 128 3144 et
141 3091 285 3162 perplexam
298 3089 394 3142 iecerit.
403 3087 485 3142 Multo
494 3088 576 3156 magis
586 3087 614 3140 in
626 3086 653 3140 id
663 3087 863 3141 incumbendum
880 3107 932 3142 esse
944 3089 1094 3162 philosopho
1110 3111 1170 3145 mo-

104 3189 165 3240 net,
177 3188 206 3228 ut
217 3173 398 3246 turpitudinem
408 3171 533 3225 ebrietatis
542 3171 640 3224 donem.
651 3169 753 3224 Utiliter
761 3172 874 3226 consuas
885 3171 992 3226 cumbis
1003 3173 1077 3226 Stob.
1087 3174 1170 3230 Setm.

103 3260 202 3327 XVII,
216 3279 240 3331 p.
256 3257 305 3310 353
315 3275 353 3327 tq.
366 3255 469 3310 Sebow.

385 3441 497 3479 1111οΔ
516 3440 645 3478 ructato
663 3441 720 3478 1Ιο
740 3441 894 3479 mam!-

154 3594 351 3661 Sutousos
367 3584 441 3656 dies
466 3585 529 3653 tibi
548 3607 662 3668 meos,
684 3601 717 3653 et
736 3583 875 3678 quidem
892 3601 1002 3671 totos,
1026 3590 1170 3662 indimri

101 3707 218 3800 jubes.
238 3709 331 3774 Bene
353 3699 397 3770 do
418 3725 470 3770 me
483 3702 636 3793 judicas,
654 3703 683 3770 si
703 3702 791 3770 nibil
809 3705 937 3772 esseio
959 3705 1027 3774 illis
1045 3724 1168 3799 putas,

108 3819 200 3914 quod
226 3816 443 3888 abscondam.
471 3817 528 3886 Sic
551 3832 642 3886 certe
666 3817 849 3888 vivendum
865 3835 937 3905 est,
956 3835 1114 3913 tanquam
1133 3825 1169 3891 in

106 3951 292 4029 conspectu
307 3935 480 4020 viramus3
502 3934 553 4002 sio
568 3933 809 4027 cogitandum,
825 3952 983 4027 tanquam
997 3937 1120 4030 aliquis
1134 3941 1172 4007 in

107 4063 226 4144 pectus
244 4047 400 4114 intimum
423 4047 591 4139 inspicere
609 4048 727 4140 possit.
752 4051 794 4116 Et
813 4045 940 4143 potest!
966 4049 1061 4141 Quid
1081 4051 1172 4120 enim
1225 4103 1229 4108 =

108 4163 248 4258 prodest
267 4161 311 4232 ab
326 4163 464 4232 bomine
482 4159 614 4254 aliquid
626 4185 699 4233 esse
713 4180 879 4232 secretum
889 4165 904 4231 t
913 4163 1002 4233 nibil
1014 4166 1086 4235 Deo
1099 4166 1173 4235 clu-
