2975 4992
329 506 594 577 EPISTOLA
618 506 846 575 LXXXVI.
1053 508 1115 576 tior

73 641 127 710 nisi
150 635 375 708 Alexandrina
401 641 586 706 marmorn¹
609 635 800 704 Numidicis
819 637 942 704 crustis
965 632 1124 705 distincta

73 767 152 834 sunt;
163 751 228 818 nisi
241 749 310 820 illis
324 746 475 841 undique
489 772 631 842 operosa
645 764 680 817 et
691 749 728 817 in
739 749 883 842 picturae
896 746 1056 817 'modum
1069 772 1126 817 vn·

72 871 144 937 rista
163 865 363 934 circumlitio
382 865 600 958 praeteritum
621 865 689 934 nisi
706 860 814 932 vitro³
832 863 1051 933 absconditur
1072 887 1127 932 oo·

72 1007 168 1066 mora3
184 982 250 1050 nisi
263 981 411 1052 Thasius
421 980 529 1074 lupis,
546 978 717 1073 quondam
730 1004 848 1049 rarum
857 982 894 1048 in
906 981 1021 1072 aliquo
1033 1002 1127 1072 spec·

72 1098 203 1168 taculum
225 1097 371 1191 templo,
396 1097 544 1190 piscinas
565 1111 697 1165 nostrus
716 1093 964 1180 circumdedit,
982 1097 1022 1163 in
1042 1117 1125 1187 quus

71 1212 342 1284 multasudatione
351 1195 670 1305 corporaexinsnitn
681 1202 919 1296 demittimus⁴3
929 1210 994 1277 nisi
1003 1231 1126 1300 aquom

72 1346 219 1424 argentes
232 1323 432 1424 epistomis⁵
448 1325 621 1398 fuderunt.
639 1329 681 1396 Et
694 1324 808 1395 adbuc
825 1325 977 1420 plebeias
997 1325 1128 1394 listulas
1150 1327 1168 1380 6

72 1449 178 1540 loquor
201 1474 209 1514 ι
230 1445 335 1540 quid,
353 1470 456 1538 quum
470 1442 515 1512 ad
526 1443 649 1518 balnea
663 1441 899 1512 libertinorum
912 1445 1128 1536 pervenero?

72 1570 224 1654 quantuni
236 1577 439 1643 statuarum,
453 1574 617 1652 quantum
627 1555 858 1626 columnarum
867 1556 1015 1626 estnihil
1027 1557 1129 1626 susti·

72 1677 231 1758 nentium,
251 1672 353 1744 sedin
366 1689 597 1744 ornamentum
606 1673 807 1766 positorum,
820 1673 980 1766 impensu
989 1663 1124 1741 cnusa‘!

72 1806 221 1882 quantum
244 1813 407 1883 aquarum
430 1811 494 1883 per
516 1785 661 1883 gradus⁷
680 1811 761 1856 cum
775 1788 909 1883 lingone
921 1783 1125 1858 lubentium!

72 1912 111 1976 Eo
125 1901 342 1978 deliciorum³
358 1907 587 2001 pervenimus,
598 1922 636 1974 nt
651 1906 718 1974 nisi
735 1927 883 2000 gemmus
896 1905 1027 1974 onlonre
1039 1905 1129 1974 noli-

72 2049 149 2094 mus.
164 2026 209 2093 ln'
221 2023 288 2094 boo
301 2023 423 2092 balneo
436 2022 604 2116 Scipionis
616 2023 763 2090 minimm
776 2038 877 2106 sunt,
891 2024 986 2090 rimae
1000 2025 1139 2120 magis,¹

71 2165 160 2234 quam
185 2141 361 2223 fenestrae,
386 2163 483 2208 muro
505 2136 639 2232 lapideo
665 2155 825 2224 exsectae,
849 2154 889 2207 ut
910 2141 983 2208 sine
1005 2139 1129 2232 injuria

71 2259 262 2328 munimenti
273 2257 387 2326 lumen
400 2255 618 2325 admitterent
636 2282 644 2324 :
661 2271 695 2325 at
709 2280 802 2324 nunc
815 2256 973 2325 blattaria
984 2260 999 2304 Ι
1009 2271 1130 2326 vocant
1156 2295 1169 2344 7

71 2371 201 2458 balneo,
229 2371 257 2440 si
282 2394 349 2463 qua
369 2393 438 2438 non
459 2370 505 2438 ito
522 2385 634 2464 optato
656 2386 752 2454 sunt,
773 2386 813 2439 ut
826 2372 929 2440 totius
942 2370 1010 2440 diei
1025 2371 1128 2440 solem

620 2564 696 2620 simul
706 2565 890 2638 delicatumque
899 2565 1031 2619 credimus.
1038 2527 1129 2617 Ritu.

655 2647 676 2698 5.
687 2641 847 2714 Epistomia.
856 2645 922 2714 Qum
932 2656 957 2696 et
964 2645 1077 2711 epitonia
1087 2662 1130 2694 vo·

72 2567 149 2619 rebant
166 2579 190 2619 et
207 2585 285 2638 opere
300 2566 400 2619 musivo
414 2565 478 2618 eires
491 2584 572 2618 orns-

72 2645 132 2696 bsnt.
143 2644 236 2698 Radit.

101 2742 120 2774 r.
133 2723 323 2776 Alexandrino
339 2739 483 2774 memoro.
495 2718 572 2773 Plurs

72 2819 123 2852 sane
134 2797 288 2852 Alexsndris
300 2809 325 2850 et
335 2799 449 2871 AEfflpto
462 2796 573 2850 adrebe-

71 2876 320 2942 tantumtantum
326 2875 462 2949 nigricans,
467 2875 573 2944 Ophites

71 2955 208 3018 maculans,
224 2953 390 3027 Porphyrites
400 2953 538 3027 puniceus,
550 2963 574 3004 et

70 3031 118 3085 bec
128 3033 180 3103 ipse
192 3032 286 3084 iterum
303 3031 420 3084 distincte
430 3049 437 3084 ι
447 3050 479 3083 sn
489 3042 573 3082 sutem

70 3129 153 3162 unum·
167 3109 274 3182 sliquod
291 3109 389 3183 proprie
401 3109 574 3162 Alexandri-

70 3207 126 3240 num
137 3188 236 3242 dictum
248 3187 323 3240 luerit
328 3226 336 3250 ,
347 3187 448 3260 ignoro.
459 3184 534 3254 Lips.

100 3287 122 3320 2.
136 3268 171 3319 In
186 3269 297 3335 pt'eturoe
312 3267 428 3317 modom.
445 3263 575 3314 Musivum

71 3365 126 3419 opus
134 3345 318 3418 intelligit,quo
326 3343 408 3395 solent
414 3339 509 3394 embire
517 3359 575 3412 qne·

71 3425 121 3476 drss
137 3436 180 3476 aut
196 3423 284 3487 orbes,
301 3435 325 3473 et
340 3420 410 3473 velut
424 3419 576 3491 mergium.

71 3503 127 3554 ldeo
143 3500 217 3554 addit
233 3501 445 3554 circumlitiomm
454 3501 576 3568 proetexi.

71 3579 133 3632 Vere
142 3591 229 3632 sutem
238 3577 312 3630 etism
322 3577 418 3652 pictura
426 3576 454 3628 in
462 3575 576 3640 musivis,

72 3655 94 3708 id
107 3669 156 3721 est,
169 3655 248 3709 verite
259 3673 343 3708 retum
355 3655 450 3706 lormae.

100 3734 121 3786 3.
131 3733 195 3788 Μιι·
201 3737 294 3786 vitro...
303 3750 417 3786 canum.
429 3732 522 3783 Lucem
532 3731 577 3782 sl-

72 3811 150 3863 lundit
158 3811 223 3864 suc
232 3809 296 3864 silv.
304 3809 356 3870 Ι,5,
366 3807 413 3874 43ι
424 3807 576 3878 «Effulgent

72 3887 250 3943 ermes-nmio
259 3886 358 3959 festigis
369 3885 464 3950 ritro,»
475 3897 519 3937 ete.
531 3885 575 3938 ubi

72 3967 100 4018 sl.
112 3979 166 4018 not.
177 3965 268 4019 nott.

102 4047 125 4113 4.
138 4046 176 4098 ln
190 4062 260 4116 quas
270 4045 396 4097 multa.....
408 4045 576 4097 demittimus.

72 4123 182 4196 Explicet
193 4124 246 4198 ipse
255 4125 346 4176 Noster
355 4122 401 4197 Ep.
412 4135 488 4184 cvm,
501 4121 516 4190 S
533 4121 576 4174 rb:

74 4203 221 4274 Decoquere
234 4219 324 4276 eorpus
334 4213 408 4272 atque
419 4198 518 4253 inanire
530 4219 578 4253 su-

73 4278 174 4332 doribus
186 4283 231 4349 (sc.
240 4279 267 4331 in
279 4277 372 4331 belneo
382 4275 477 4344 calido)
488 4275 578 4330 inutile

621 2736 719 2790 cantur,
732 2737 792 2777 snut
803 2721 949 2778 obturscnlt
961 2722 999 2776 ori
1013 2740 1130 2774 vasorum

622 2814 666 2855 snt
677 2801 806 2855 labrorum
818 2801 912 2865 indite,
932 2801 1045 2874 equibus
1054 2801 1132 2853 versis

622 2879 707 2951 liquor
719 2880 851 2946 emittitur,
862 2894 890 2934 ut
900 2894 925 2934 et
935 2881 963 2933 in
976 2880 1067 2934 nostris
1076 2879 1131 2932 bel·

624 2959 678 3012 neis
691 2957 748 3012 fieri
760 2960 831 3013 solet.
843 2960 933 3013 Ruth.

655 3034 819 3107 blmpensoe
830 3057 920 3090 causo.
931 3037 991 3090 Non
1002 3050 1031 3090 nt
1044 3057 1131 3102 usum,

624 3110 667 3165 sed
687 3127 715 3166 nt
733 3133 792 3186 opes
812 3125 944 3166 ostentent.
964 3113 1063 3166 Plinius
1084 3111 1133 3169 boo

623 3191 731 3264 sppellet
741 3193 853 3243 lautitiae
863 3209 953 3253 causa,
966 3190 1078 3243 xxxvl
1088 3229 1096 3256 ‚
1112 3211 1135 3244 c.

623 3285 653 3321 ιιι
668 3287 700 3324 :s
712 3270 845 3324 Columnis
862 3270 997 3325 ntebsntnr
1013 3271 1135 3344 (antiqui)

625 3368 671 3402 nee
684 3349 789 3402 lautitia
802 3368 889 3415 censs,
908 3348 951 3401 sed
964 3348 1024 3420 quie
1037 3348 1135 3419 firmins

625 3429 696 3482 aliter
707 3430 783 3482 stetui
795 3449 847 3483 non
859 3426 983 3498 poterint.
992 3451 1006 3477 s
1019 3428 1095 3497 Lips.
1154 3445 1166 3464 ¹·

661 3527 682 3576 7.
696 3507 837 3576 Aorsorum
845 3526 894 3574 per
901 3505 1046 3576 graduali
1058 3505 1135 3559 labris

626 3596 669 3636 sut
681 3585 842 3658 receptaculis
851 3584 878 3636 in
896 3584 958 3637 solis
976 3582 1096 3636 inferiore
1111 3596 1135 3636 et

626 3661 744 3732 subjectu.
759 3661 832 3731 lips.

659 3740 684 3794 8.
702 3739 744 3792 Eo
760 3741 937 3793 dels'eiomm...
945 3758 1065 3808 gemmas
1075 3742 1135 3791 mt-

627 3838 688 3872 eore
715 3820 838 3872 nolimus.
866 3819 957 3883 Puto,
992 3816 1135 3891 pavimenta

625 3896 751 3949 luxuriose
773 3908 797 3948 et
818 3897 947 3970 pretiose,
970 3893 1134 3957 lithostrsts,

625 3991 682 4045 que
701 3994 776 4047 opere
793 3973 893 4026 musivo
911 3971 1068 4025 constabant.
1081 3971 1137 4022 Es-

627 4051 685 4104 dem
697 4051 726 4104 de
737 4072 766 4103 re
779 4052 842 4105 Stat.
853 4050 916 4118 Silo.
925 4051 951 4118 l,
964 4049 988 4114 ³,
1000 4051 1032 4116 54
1042 4069 1050 4102 :
1060 4047 1138 4102 «cal-

628 4129 715 4184 ubam
733 4149 781 4182 nec
798 4131 889 4202 opinus
900 4149 994 4202 opes.»
1015 4127 1056 4181 Cf.
1075 4127 1137 4180 No·

627 4220 676 4261 ster
689 4207 720 4260 de
728 4208 767 4260 lrs
777 4209 830 4272 ΙΙΙ,
843 4207 1053 4281 ³⁵,t.1tp.xv1‚
1069 4227 1091 4276 7·
1102 4205 1136 4260 ΙΙ.

661 4305 683 4354 9.
696 4285 841 4340 Blauarta.
851 4287 978 4356 Ablattis,
987 4305 1044 4359 qua
1053 4287 1135 4340 lucem
