2975 4992
374 455 640 528 earsrouu
663 457 855 527 cxxxi.
919 458 924 467 ’
1083 461 1150 556 547

98 596 160 662 lraec
173 615 234 660 vox
257 589 428 684 significat
443 588 665 659 voluntariam
683 587 882 656 relationem
901 589 987 680 :qui
1008 588 1148 676 retulit,

99 714 160 805 ipae
183 733 219 778 ce
246 693 441 802 appellavit.
472 706 615 800 Sapiens
638 708 754 774 omnia
777 705 985 774 examinabit
1013 731 1150 795 aecum3

97 841 247 920 quantum
264 823 456 919 acceperit,
485 845 613 915 aquo,
638 817 797 914 quando,
822 819 904 906 ubi,
925 822 1154 914 quemadmo-

98 946 179 1014 dum.
197 943 318 1034 Itaque
334 963 514 1035 negamus,
531 961 736 1032 quemquam
751 939 839 1007 acire
849 942 996 1031 gratiam
1008 943 1151 1032 referre,
1177 967 1195 1018 o

98 1059 154 1128 nisi
169 1059 360 1153 Sapientem
379 1082 388 1123 ε
404 1079 475 1124 non
491 1056 599 1148 magia
615 1078 714 1147 quam
734 1054 939 1123 beneficium
957 1056 1039 1124 dare
1057 1059 1154 1150 quia-

98 1199 186 1267 quam
208 1175 297 1258 scit,
327 1172 394 1240 nisi
419 1170 583 1264 Sapiene;
603 1168 662 1238 hic
680 1169 826 1253 scilicet,
855 1172 914 1262 qui
941 1172 1049 1264 magia
1076 1169 1155 1242 dato

97 1289 228 1384 gaudet,
248 1295 351 1382 quam
370 1285 457 1355 aliua
473 1301 624 1380 accepto.

138 1408 205 1474 Hoc
221 1405 348 1497 aliquia
360 1403 450 1470 inter
463 1400 521 1469 illa
532 1417 710 1486 numerat,
728 1427 805 1495 quae
816 1401 974 1471 ridemur
986 1406 1157 1494 inopinata

97 1519 240 1588 omnibus
260 1519 375 1588 dicere
399 1513 587 1616 (παράδοξα
598 1519 710 1586 Graeci
723 1519 884 1608 rotant),
910 1534 945 1586 et
957 1521 1005 1587 ait
1022 1543 1031 1586 e
1049 1521 1156 1587 Nemo

97 1661 169 1730 ergo
192 1638 256 1706 acit
275 1628 403 1730 praeter
420 1636 614 1729 Sapientem
633 1633 764 1704 referre
782 1635 946 1728 gratiam?
965 1660 1048 1730 ergo
1066 1661 1153 1720 nec,

97 1751 179 1846 quod
193 1753 297 1821 debet
312 1751 473 1822 creditori
490 1775 573 1833 auo,
593 1775 763 1844 reponere
776 1753 955 1846 quiequam
970 1755 1033 1822 ecit
1046 1753 1159 1822 aliua?

98 1889 171 1950 nec,
199 1887 306 1959 quum
333 1867 417 1934 emit
438 1864 587 1957 aliquam
605 1888 697 1952 rem,
719 1865 868 1958 pretium
885 1863 1054 1934 venditori
1072 1890 1158 1959 per-

97 1984 215 2052 solvere
226 1985 357 2053 t-Ne
373 1982 472 2051 nobie
490 1981 550 2050 liat
567 1980 715 2064 invidia,
735 1982 819 2050 acite
836 1969 928 2050 idem
944 1981 1059 2051 dicere
1073 1983 1158 2075 Epi·

98 2125 218 2170 curum.
239 2099 475 2169 Metrodorua²
506 2099 691 2181 certauit,
719 2097 860 2166 aeolum
885 2099 1079 2192 Sapientem
1102 2107 1159 2166 re-
1185 2129 1215 2162 ιο

98 2219 177 2287 serre
200 2219 345 2312 gratiam
370 2218 506 2285 acire.»
531 2211 666 2284 Deinde
684 2213 800 2281 idem·
819 2211 1025 2299 admiratur,
1053 2240 1158 2307 quum

98 2332 228 2402 dicimus
243 2359 251 2400 ε
271 2333 398 2404 «Solus
408 2324 573 2426 Sapicna³
589 2330 653 2398 ecit
665 2353 800 2415 amare3
819 2329 910 2398 solua
924 2330 1066 2423 Sapiens
1079 2330 1159 2398 ami·

97 2473 148 2518 cua
162 2466 224 2518 eat.
244 2477 261 2516 a
281 2449 387 2543 Atqui
402 2464 436 2518 et
449 2449 573 2518 amoris
582 2497 594 2532 ‚
613 2462 648 2515 et
665 2446 821 2514 amicitiae
839 2468 918 2540 para
935 2461 1009 2528 eat,
1028 2445 1159 2513 referre

100 2567 251 2658 gratiam3
267 2568 336 2634 imo
349 2566 415 2635 hoc
434 2567 542 2658 magia
560 2563 701 2657 vulgare
715 2577 787 2646 eat,
812 2577 847 2631 et
868 2563 906 2629 in
919 2560 1156 2655 plurea'oadit,

97 2703 187 2770 quam
202 2703 286 2750 vera
304 2681 464 2749 amicitia.
481 2678 615 2749 Deinde
629 2677 720 2745 idem
733 2675 935 2768 qdmiratur,
961 2675 1053 2770 quod
1072 2677 1161 2746 dici·
1260 2656 1263 2662 ¹

96 2821 182 2882 mua,
215 2825 231 2862 α
252 2796 358 2866 fidem
382 2798 448 2867 niai
481 2797 519 2864 in
541 2797 699 2890 Sapiente
730 2819 800 2864 non
832 2819 905 2864 eoae
925 2819 968 2883 ;»
1000 2811 1159 2887 tanquam

96 2937 155 2981 uon
173 2915 246 3009 ipae
269 2913 361 2984 idem
382 2913 486 2982 dicat.
511 2913 564 2981 An
584 2912 646 2980 tibi
659 2912 796 2980 videtur
813 2911 916 2979 fidem
933 2909 1078 2997 habere,
1099 2912 1159 3004 qui

96 3031 215 3100 referre
238 3032 383 3127 gratiam
406 3031 541 3100 nescit?
563 3030 728 3100 Desinant
752 3030 868 3121 itaque
891 3028 1055 3096 infamare
1073 3053 1155 3111 noa,
1187 3069 1213 3102 ιι

96 3161 247 3240 tanquam
264 3143 480 3214 incredibilia
492 3145 681 3238 jactantes3
701 3160 737 3213 et
754 3145 881 3228 sciant,
905 3143 998 3239 apud
1015 3145 1159 3238 Sapien-

95 3275 250 3330 temesae
277 3263 352 3356 ipsa
377 3261 539 3340 honesta,
566 3256 658 3353 apud
679 3260 819 3353 vulgum
844 3259 1023 3330 eimulacra
1042 3283 1158 3328 rerum

94 3375 307 3447 honestarum
327 3393 362 3444 et
379 3354 524 3470 effigies.
548 3377 655 3443 Nemo
673 3375 805 3443 referre
824 3378 968 3469 gratiam
985 3377 1070 3457 ecit,
1091 3377 1157 3444 nisi

94 3493 227 3584 Sapiens
246 3520 255 3559 ι
276 3491 407 3561 Stultus
425 3515 583 3584 quoque,
603 3507 788 3586 utcumque
806 3493 868 3579 ait,
889 3510 923 3560 et
936 3489 1157 3584 quemadmo-

95 3605 167 3676 dum
185 3625 318 3703 poteat,
338 3605 482 3694 reserat3
503 3610 644 3677 scientia
660 3609 711 3677 illi
730 3608 865 3703 potius,
885 3632 987 3703 quam
1004 3607 1158 3678 voluntas

95 3818 416 3894 Salmtsug.1ro,led.
431 3820 599 3882 Cortllulilt·
649 3821 804 3894 digladiatus
823 3834 878 3889 est,
899 3823 1007 3893 ideoque
1024 3824 1069 3876 illa
1086 3839 1158 3896 pan·

126 3915 145 3948 1.
156 3899 333 3951 Metrodorum
348 3897 458 3950 Auditor
468 3909 493 3948 ct
504 3898 599 3950 amicus
647 3899 712 3953 doxa
724 3899 892 3972 impugnavit.
902 3898 993 3952 Ruta.
1243 3917 1246 3920 ’

93 3972 199 4047 Epicuri.
216 3977 301 4030 Multa
317 3975 430 4048 scripsit,
444 3975 599 4046 quaomnia
679 3975 785 4030 &Solus
792 3976 1155 4046 Sapt'emscit..aest.Qconiam

95 4053 224 4122 perierunt.
237 4054 278 4108 Cf.
290 4055 322 4108 ad
332 4055 380 4130 Ep.
392 4055 444 4118 vl,
458 4055 482 4108 6.
491 4053 582 4107 Buba
648 4055 691 4108 ille
698 4055 767 4108 aolus
773 4054 921 4127 dignoscere
925 4067 1015 4128 potest,
1023 4073 1081 4126 quae
1087 4055 1155 4106 bona

124 4151 145 4184 a.
156 4132 262 4186 Deinde
273 4135 350 4187 idem.
361 4133 536 4199 Metrodorus,
551 4133 598 4205 qui
646 4151 724 4203 quum
731 4151 826 4198 amore,
833 4131 1082 4204 tummicitiadigna
1089 4144 1155 4184 aunt.

95 4221 119 4261 ut
134 4209 273 4282 Epicurean
288 4232 346 4266 cam
367 4212 460 4272 Stoicis
477 4210 597 4268 acerrime
645 4210 909 4282 Egregiodchatrc,
921 4224 950 4266 ut
965 4211 1042 4276 tolet,
1056 4210 1155 4264 munit
