2975 4992
438 428 707 501 EPISTOLA
731 432 836 501 xlv.
1105 440 1165 507 125

101 556 237 652 gendum
253 560 306 629 illi
318 584 328 644 ;
342 562 561 631 serviendum
575 586 665 656 nego
678 567 700 631 ¹.
714 564 834 633 Multis
847 567 939 633 onim
953 566 1090 649 serviet,
1105 571 1166 660 qui

100 677 224 767 corpori
245 680 377 760 servit,
402 679 463 770 qui
483 702 546 771 pro
565 678 623 747 illo
643 680 787 747 nimium
804 681 925 763 timet,
945 684 1005 775 qui
1020 682 1065 751 ad
1080 682 1168 753 illud

100 790 206 857 onnia
231 790 355 859 refert.
383 792 441 861 Sic
461 816 580 887 gerere
609 816 670 861 nos
696 792 884 879 debemus,
913 820 984 865 non
1005 812 1166 889 tanqumn

97 922 231 999 propter
248 932 379 1003 corpus
398 910 513 977 vivere
529 910 734 993 debeamus,
749 910 812 981 sed
827 927 988 1005 tanquam
1001 937 1072 981 non
1084 937 1164 1009 pos-

97 1021 195 1087 simus
213 1022 291 1089 sine
318 1028 499 1115 corpere².
524 1024 632 1116 Hujus
654 1048 716 1095 nos
732 1026 859 1095 nimius
875 1050 971 1095 amor
987 1028 1165 1097 timoribus

96 1134 284 1227 inquietat,
313 1136 598 1207 sollicitudinibus
623 1156 766 1223 onerat,
794 1141 1007 1211 contumeliis
1033 1138 1162 1233 objicit.

96 1254 279 1321 Honestum
296 1256 330 1321 ei
347 1254 417 1322 vile
435 1270 509 1337 est,
528 1257 583 1323 cui
601 1280 725 1349 corpus
741 1258 844 1325 nimis
858 1280 975 1325 cerum
988 1272 1050 1325 est.
1072 1256 1163 1349 Aga·
1187 1284 1205 1317 ι

93 1386 145 1435 tur
154 1370 231 1461 ejus
245 1370 508 1463 diligentissime
522 1394 625 1460 cura3
641 1374 687 1441 ita
700 1388 835 1453 tamen,
854 1389 911 1457 ut,
929 1396 1035 1466 quum
1049 1374 1163 1467 exiget

92 1486 198 1563 ratio,
216 1508 326 1576 quum
342 1486 511 1579 dignitas,
532 1510 636 1578 quum
653 1486 754 1572 fides,
768 1485 970 1557 mittendum
988 1488 1025 1553 in
1040 1477 1161 1579 ³ignes

91 1600 143 1663 sit.
170 1599 427 1681 Nihilominus,
446 1616 609 1693 quantum
624 1624 826 1695 possumus,
849 1603 1013 1671 evitemus
1032 1602 1160 1671 incom-

91 1714 185 1783 moda
200 1710 379 1808 quoqne⁴,
392 1740 462 1785 non
476 1734 605 1787 tuntum
620 1718 791 1811 pericula,
802 1734 838 1787 et
852 1719 889 1785 in
907 1733 1015 1787 tutum
1028 1742 1091 1787 nos
1104 1706 1160 1787 ie-

90 1828 273 1907 ducnmus‚
289 1834 518 1925 excogitantes
533 1832 700 1917 subinde,
719 1834 845 1927 quibus
860 1834 993 1926 possint
1008 1832 1158 1902 timenda

90 1946 226 2039 depelli.
252 1948 410 2041 Quorum
430 1951 516 2031 tria,
542 1952 578 2018 ni
597 1948 719 2033 fallor,
740 1972 868 2043 genera
885 1964 964 2017 sunt
990 1949 1158 2017 :timetur
1183 1959 1200 2011 3

88 2066 230 2159 inopie,
252 2064 419 2135 timentur
437 2064 567 2149 morbi,
589 2068 753 2136 timentur
767 2090 844 2159 quse
865 2066 1011 2159 pervim
1034 2081 1156 2159 poten·

87 2182 179 2249 tioris
194 2184 375 2251 eveniunt.
394 2186 442 2251 Ex
455 2184 511 2255 bis
523 2184 681 2253 omnibus
692 2182 780 2251 nihil
793 2206 855 2251 nos
870 2184 979 2275 magis
991 2184 1153 2265 concutit,

85 2323 180 2390 qnam
202 2298 300 2391 quod
323 2322 365 2369 ex
391 2300 504 2369 aliena
526 2301 678 2393 potentia
704 2296 893 2394 inpendet3
918 2322 1041 2393 magno
1063 2300 1155 2367 enim

84 2417 224 2508 strepitu
249 2432 286 2483 et
311 2414 458 2485 tumultu
484 2418 592 2485 venit.
622 2416 799 2485 Naturalia
824 2414 912 2483 mala
929 2438 1006 2507 qua
1022 2414 1150 2491 retuli,

85 2534 320 2627 inopiamque
339 2532 471 2619 morbi,
496 2532 630 2601 silentio
650 2532 818 2617 subeunt,
842 2554 908 2601 nec
931 2532 1061 2615 oculis,
1088 2556 1153 2601 nec

84 2648 220 2717 auribus
247 2648 437 2742 quidquam
469 2650 610 2717 terroris
634 2650 806 2717 incutiunt
833 2673 841 2713 ι
868 2648 989 2738 ingens
1011 2646 1152 2715 alterius
1238 2672 1243 2679 ’

85 2763 154 2830 nuli
169 2784 299 2856 pompa
312 2776 385 2830 est:
401 2760 527 2829 sermm
540 2762 630 2829 circa
644 2785 680 2830 se
695 2760 820 2841 habet,
837 2777 872 2827 et
886 2761 995 2853 ignes,
1011 2774 1046 2826 et
1059 2774 1153 2828 catc-

84 2902 152 2959 ms,
168 2894 204 2947 et
218 2878 359 2945 turbam
378 2878 526 2945 ferarum
540 2870 566 2959 ⁵,
589 2900 690 2969 quam
711 2876 748 2944 in
765 2877 896 2944 viscera
913 2876 1070 2943 immittat
1084 2875 1151 2941 bu·

83 3016 184 3061 nana.
200 2994 329 3085 Cogita
341 2992 408 3061 boc
421 2991 494 3060 loco
507 3014 676 3061 carcerem
684 3042 696 3077 ,
710 3006 744 3059 et
755 3014 889 3073 cmces,
904 3007 938 3058 et
952 2985 1145 3083 ‘equuleos,
1172 3003 1190 3069 4

79 3246 109 3297 ait
126 3246 255 3316 Epictetus
277 3242 383 3297 Dissert.
404 3244 456 3309 Xl,
476 3244 517 3297 lib.
541 3246 585 3313 IV,
670 3244 694 3298 3.
710 3246 829 3313 Int'groes.
839 3246 906 3313 Arg.
915 3245 939 3296 ὸ.
949 3264 970 3297 c.
980 3242 1046 3295 Por.
1057 3244 1147 3295 bdet

78 3324 203 3394 sieqnum
227 3334 322 3375 natura
350 3322 396 3374 tibi
419 3322 586 3387 credidisset,
637 3326 674 3379 ed.
688 3327 721 3377 A.
734 3322 819 3397 Vulgo
833 3326 861 3375 r'n
870 3320 1056 3392 epudem.

77 3424 122 3457 ιιοιι
140 3424 245 3472 prorsus
265 3423 328 3455 eum
345 3402 501 3473 neglexisses.
519 3402 587 3473 Ergo
669 3408 692 3471 4.
708 3402 881 3456 [scommata
899 3418 1006 3471 quoque.
1025 3397 1066 3451 ste
1087 3398 1144 3453 edd.

77 3484 233 3537 nuncetiam
254 3494 337 3555 puta,
356 3500 445 3555 eorpus
466 3478 511 3533 libi
532 3492 586 3533 tsn-
636 3482 799 3535 indenlllur.
809 3498 866 3534 eum
876 3498 922 3531 ιιιι.
933 3498 955 3531 ι.
964 3476 1082 3529 eted.A.
1092 3474 1143 3527 set

75 3580 143 3631 quam
153 3581 253 3633 equum
263 3580 318 3613 esse
331 3558 460 3611 traditum.
471 3560 537 3611 Lava
547 3560 586 3625 id,
635 3560 693 3613 vide
705 3579 737 3612 ne
750 3576 838 3609 verum
851 3555 883 3607 sit
891 3558 1009 3608 incomm.
1020 3570 1143 3622 quaque,

76 3640 197 3715 tbsttrge,
218 3638 300 3693 facito
320 3658 353 3689 ne
373 3637 430 3706 quis
451 3650 584 3700 aversetur,
635 3633 984 3709 quodbsbeted.llom.cum
994 3630 1143 3699 rucArffib.

76 3736 101 3767 nr
110 3718 163 3786 quis
171 3718 323 3771 abborreat.
636 3727 659 3767 et
670 3714 734 3767 Par.
746 3732 772 3763 a.
780 3712 806 3763 b.
816 3712 844 3765 d.
857 3708 941 3763 Sedet.

105 3818 124 3851 ι.
139 3798 318 3851 &oriendum
329 3815 401 3866 nego.
415 3796 482 3847 Nam
495 3807 522 3847 nt
532 3793 586 3847 Sal·
668 3790 812 3844 tructam
818 3788 942 3861 semrom
951 3783 1044 3857 quibus
1051 3782 1142 3835 bomi-

75 3874 153 3929 lnstius
166 3894 174 3927 t
189 3874 309 3927 «Animi
330 3872 454 3946 imperio,
476 3872 585 3946 eorporis
634 3888 678 3921 nes
698 3866 768 3920 noxii
786 3864 970 3935 objiciebantur
986 3862 1014 3914 in
1029 3860 1141 3935 Amphi-

75 3954 165 4006 tenitio
179 3952 265 4027 magis
279 3951 387 4003 utimur.
401 3972 415 3997 ιι
633 3944 744 3998 tbesttis.
754 3942 846 3995 Ruth.

104 4050 124 4081 ι.
139 4031 304 4085 Sed-aine
316 4048 430 4097 corpore.
441 4028 517 4080 Juxta
529 4044 583 4099 pro·
664 4024 688 4077 b·
706 4018 854 4093 Equotm,
873 4020 1066 4072 instrumentum
1084 4030 1141 4070 tor-

76 4108 177 4161 rerbium
194 4128 202 4161 z
217 4108 361 4161 Edendnm
384 4118 412 4157 nt
431 4104 514 4165 rivas,
530 4122 582 4155 non
632 4102 692 4155 toris
703 4100 736 4153 ad
745 4098 874 4151 veritatem
886 4094 1088 4171 exprimendam,
1100 4095 1142 4148 cui

78 4187 201 4241 vivendum
210 4200 239 4241 ιι
250 4186 321 4239 edas.
632 4178 701 4232 noxii
711 4175 913 4231 intendebantur.
926 4174 1015 4229 nott.
