2975 4992
407 460 685 533 EPISTOLA
709 464 857 531 LXXI.
1105 464 1172 555 llo

101 665 1171 697 m

384 829 695 915 EPISTOLA
727 832 892 917 Lxxt.

570 1020 702 1039 ...Q—.-

167 1183 269 1223 mtuat
285 1182 421 1233 10101,
439 1183 624 1223 ΙΟΝΙΗῊ
640 1186 649 1221 3
666 1170 780 1221 oa'tltta
796 1180 882 1221 BONA
898 1182 998 1223 ΡΑΗΑ
1015 1184 1099 1225 Ιῧὸῑι

124 1284 230 1338 lneilio
241 1284 274 1337 de
285 1284 360 1337 rebus
370 1284 477 1355 singulis
488 1283 597 1337 subint·
606 1274 749 1337 consulenti
759 1283 847 1337 suadet
857 1284 969 1350 Seneca,
979 1284 1101 1355 qnoniam
1111 1302 1176 1358 taepe

97 1380 197 1441 psopter
209 1366 425 1439 longinquitatem
441 1367 547 1421 consilia
565 1387 619 1420 non
633 1365 699 1436 justo
715 1378 828 1439 tempore
838 1364 871 1419 ad
885 1384 943 1419 enm
959 1366 1131 1439 perferantur,
1150 1380 1178 1421 ut

97 1469 148 1503 non
158 1450 226 1503 alios
237 1450 282 1504 sed
294 1472 321 1505 se
332 1452 415 1524 ipsum
427 1452 560 1516 conrnlat,
573 1452 681 1523 ideoque
694 1450 727 1504 ad
737 1470 866 1503 summurn
878 1450 976 1503 bonurn
986 1462 1012 1503 et
1022 1447 1177 1523 propositum

97 1534 169 1587 totins
183 1535 245 1590 vire
256 1536 389 1607 respiciat,
400 1549 522 1608 tanquam
530 1534 563 1587 ad
572 1534 688 1609 regulam
696 1547 790 1591 certam
803 1535 952 1607 nullumque
960 1554 1071 1589 errorem
1080 1534 1179 1586 admit-

97 1633 200 1674 tentem.
212 1616 328 1677 Ptoiade
339 1622 471 1688 hortatur,
483 1633 513 1673 ut
523 1622 623 1695 sapiens
631 1618 685 1673 fiat.
694 1620 797 1675 Etenim
810 1641 840 1673 eo
850 1620 906 1695 ipso
912 1620 1050 1692 sapientem
1058 1620 1179 1694 distingui

98 1723 110 1756 a
124 1703 277 1777 proficiente
287 1717 312 1758 et
324 1706 455 1779 sapientie
470 1706 599 1770 studioso,
614 1706 679 1777 quin
697 1726 711 1757 a
724 1706 818 1772 stulto,
832 1718 861 1758 ut
871 1705 913 1757 ille
924 1705 958 1758 ad
969 1724 1048 1759 unam
1061 1720 1178 1758 normam

96 1802 171 1843 totam
182 1810 257 1843 snam
266 1792 345 1844 vitam
354 1792 453 1865 redigat
462 1792 509 1844 hac
518 1791 572 1864 ipsa
581 1791 673 1845 virtute
684 1803 711 1845 et
720 1790 858 1863 sapientia,
868 1782 958 1844 notnro
968 1790 1037 1845 Stoar
1046 1790 1177 1844 decretum

96 1890 136 1928 eat.
147 1874 220 1929 lltutt
231 1888 318 1954 antem
335 1896 463 1929 murnum
479 1874 577 1929 bonon
597 1875 723 1935 declarat.
742 1886 773 1929 ut
788 1874 905 1937 stoicus.
924 1892 976 1927 esse
987 1893 1068 1927 onum
1079 1872 1177 1927 houm

96 1956 162 2027 qood
173 1956 314 2011 honesturn
323 1996 331 2023 ,
340 1971 428 2011 cetera
437 1996 445 2022 ,
455 1958 473 2010 i.
484 1977 506 2009 e.
517 1969 618 2009 externa
630 1975 682 2011 erae
689 1955 753 2010 salsa
762 1968 786 2009 et
795 1954 938 2009 adulterina
947 1955 1029 2022 bona,
1039 1955 1088 2008 nisi
1097 1956 1177 2009 virtus

96 2041 351 2094 honestarerit.1am
368 2061 448 2111 qnam
465 2039 553 2094 oronia
572 2039 640 2095 bona
654 2040 686 2093 ab
700 2040 788 2094 animo
803 2050 828 2093 et
842 2039 937 2093 virtute
955 2040 1081 2111 pendent,
1098 2039 1178 2093 virtus

96 2137 179 2178 antem
189 2126 303 2199 perfecta
312 2126 331 2177 i.
343 2124 467 2193 iodicium
484 2144 574 2179 smus
587 2136 613 2179 et
623 2124 776 2187 immotum,
789 2142 872 2195 neque
889 2124 986 2196 major,
999 2144 1081 2192 neque
1092 2123 1177 2176 minor

95 2206 148 2261 fieri
158 2223 256 2282 potest,
271 2210 400 2282 sequitur,
419 2211 506 2263 omnia
519 2210 589 2263 bona
599 2229 651 2263 ease
667 2209 753 2283 paria,
767 2229 815 2263 nse
828 2208 920 2261 malam
940 2210 1068 2261 fortunam
1082 2227 1097 2260 a
1109 2207 1178 2259 bona

95 2289 211 2360 differre,
224 2292 248 2345 si
260 2305 399 2363 utrumque
410 2292 442 2345 ab
452 2292 560 2345 bonetto
573 2288 751 2365 proficiscatur.
763 2289 860 2343 Dilatat
871 2290 919 2342 hoo
936 2288 1041 2341 Catonis
1055 2288 1177 2361 exemplo.

97 2374 151 2443 Qua
163 2376 300 2429 occasione
312 2374 478 2431 Academicos
490 2378 596 2438 refutat,
607 2374 653 2447 qui
665 2375 759 2449 padus
770 2373 893 2427 beatitatis
905 2372 1094 2427 Faciunt:l1ane
1106 2374 1175 2426 enirn

95 2478 145 2512 non
160 2460 245 2534 magis
262 2480 339 2531 quarn
356 2461 493 2514 honestum
512 2460 611 2513 intendi
624 2479 705 2532 poros.
723 2460 810 2529 ltaque
824 2457 851 2511 in
874 2457 983 2528 equuleo
1000 2470 1025 2510 et
1042 2458 1176 2511 tormentis

95 2542 240 2598 beatissimo
252 2564 304 2597 esse
314 2544 374 2598 licet
384 2544 499 2617 sapienti.
511 2545 578 2596 Nam
590 2543 658 2597 bona
670 2544 716 2596 ista
728 2556 771 2596 aut
782 2542 848 2596 mala
859 2562 912 2594 non
924 2540 1001 2594 efficit
1012 2543 1116 2596 materia
1130 2543 1174 2596 sed

95 2627 179 2682 virtus.
193 2628 262 2698 Qnae
275 2629 297 2681 si
313 2628 400 2681 multis
418 2630 482 2681 dura
500 2640 524 2682 et
543 2628 659 2681 difficilia
671 2629 808 2695 vitientur,
823 2628 849 2679 id
869 2620 1011 2679 infirmitati
1024 2642 1128 2691 eorum,
1144 2650 1174 2682 ex

94 2713 185 2782 quade
197 2714 293 2767 virtute
304 2716 391 2767 ferunt
406 2715 555 2766 sententiaro
566 2750 573 2775 ,
583 2712 747 2765 tribuendum
765 2725 809 2764 est.
822 2710 911 2782 Neque
923 2722 1008 2785 tarnen
1021 2710 1069 2765 hoc
1080 2713 1115 2767 ita
1129 2714 1173 2765 in-

92 2798 261 2871 telligendum
273 2812 327 2864 est,
345 2800 417 2870 quasi
435 2817 537 2851 omnem
555 2798 694 2851 humanam
713 2809 830 2849 naturam
849 2796 959 2870 deponat
979 2796 1087 2871 sapiens.
1105 2800 1173 2851 Nam

92 2901 170 2951 quom
178 2903 209 2935 er
220 2881 320 2934 duabus
331 2882 441 2955 partibus
452 2894 563 2945 constet,
576 2880 717 2934 irrationali
733 2882 757 2932 et
770 2878 905 2945 rationali,
919 2879 1009 2953 negari
1019 2882 1122 2949 nequit,
1132 2882 1171 2941 ,in

92 2983 148 3018 enni
161 2986 240 3019 omne
253 2966 280 3019 id
291 2966 395 3034 eadere,
409 2966 479 3036 qood
490 2966 518 3018 in
529 2986 618 3019 omnes
630 2964 748 3017 homines
761 2964 844 3029 cadit,
862 2964 970 3036 ideoque
983 2978 1008 3019 et
1024 2978 1114 3019 tremet
1126 2986 1173 3019 sa·

90 3051 175 3122 piens,
193 3064 221 3103 et
237 3050 352 3115 dolebit,
370 3063 396 3103 et
406 3050 552 3124 expallescet
563 3069 571 3105 t
582 3050 610 3103 lai
624 3050 694 3102 enirn
707 3068 796 3102 omnes
810 3048 922 3123 eorporis
934 3069 1021 3103 sensus
1034 3064 1100 3104 aunt.
1120 3050 1171 3105 sed

90 3136 221 3189 rationalis
233 3136 289 3208 ejus
300 3156 357 3209 para
368 3155 422 3189 oon
432 3136 485 3187 istis
497 3138 528 3189 ad
541 3135 656 3207 querelae
667 3135 797 3206 dejicitur,
809 3154 857 3188 nee
871 3136 904 3188 acl
916 3137 1100 3190 confessionem
1112 3156 1170 3191 ser-

90 3220 177 3271 vitutis
187 3217 344 3285 adducitur,
357 3238 405 3272 nee
416 3218 537 3272 virtutem
551 3230 578 3271 ut
592 3218 664 3271 omni
676 3218 702 3270 ri
716 3238 804 3272 carens
816 3218 955 3272 damnabit.
969 3221 1059 3273 Vincit
1077 3222 1168 3277 virtute

89 3303 226 3355 mnam.
238 3304 269 3357 Si
280 3304 325 3374 qui
337 3314 423 3355 tamen
437 3303 542 3377 professi
554 3302 704 3376 sapientiam
715 3302 849 3355 levissimis
861 3304 937 3357 minis
951 3316 1107 3372 terreantur,
1122 3328 1168 3361 re-

88 3385 230 3457 putandum
242 3398 293 3454 est,
305 3386 352 3438 laos
360 3406 414 3439 non
424 3406 496 3439 veros
507 3386 633 3455 sapienter
643 3385 687 3439 red
696 3384 857 3458 proficientes
867 3387 952 3440 fnisse.
966 3388 1054 3460 ltaque
1065 3409 1166 3463 operam

54 3514 58 3521 .
89 3468 195 3533 demna,
206 3482 235 3522 nt
244 3482 296 3523 tota
307 3481 392 3522 mente
401 3469 435 3523 ad
445 3469 616 3544 pulcherrirna
624 3470 688 3537 ista,
702 3469 734 3523 ad
748 3470 866 3523 virtutem
878 3471 950 3524 istam
962 3474 1096 3543 perlectam
1106 3494 1167 3547 pro-

88 3575 212 3631 pererrans.
220 3584 254 3597 -
262 3554 339 3608 Conl'.
354 3558 459 3629 Argum.
471 3556 550 3629 Epist.
562 3570 639 3615 ml.
653 3568 677 3607 et
692 3556 771 3629 Epist.
783 3570 872 3608 mlv.

368 3720 487 3757 ίΙΜῦΔ
504 3721 639 3757 Lucum
657 3720 715 3756 suo
732 3719 886 3757 ΙΔΗΠΙΙ.

139 3832 315 3898 Susiana
330 3855 385 3897 me
401 3830 444 3898 de
461 3830 565 3898 rebus
581 3829 726 3923 singulis
743 3830 911 3913 consulis,
927 3830 1052 3899 oblitus
1068 3847 1163 3900 vasto

87 3966 151 4010 nos
170 3944 255 4011 mari
275 3941 384 4011 dividi
397 3947 422 4010 ¹.
443 3944 559 4036 Quum
577 3968 700 4037 magna
717 3965 798 4036 pars
815 3944 948 4012 consilii
967 3945 1010 4011 sit
1025 3947 1063 4012 in
1078 3960 1164 4014 tem·

122 4136 182 4189 1.V
178 4150 315 4191 monn».
323 4142 375 4192 dio.
387 4138 509 4192 nimirum
521 4139 604 4192 iniero
654 4138 724 4202 liam,
731 4139 768 4192 ita
776 4151 805 4191 nt
812 4158 929 4213 responsa
938 4154 992 4215 port
1002 4154 1098 4213 ternpus
1106 4163 1165 4217 per-

85 4235 108 4266 s.
120 4215 260 4288 Tyrrheno
270 4254 280 4277 ,
295 4215 361 4269 inter
372 4216 490 4269 Siciliam
509 4229 534 4269 et
549 4218 606 4270 lta-
655 4218 774 4281 veniant,
785 4217 819 4270 ob
827 4217 940 4272 locorum
951 4219 1122 4275 intervallum.
1130 4222 1164 4275 R.

269 4314 331 4379 Ill.
1003 4340 1048 4407 29
