2975 4992
352 454 412 525 192
515 399 518 411 “
633 426 674 498 n.
700 426 883 497 nuum
907 426 1127 496 sannen:

295 564 325 631 14
346 558 453 625 latim¹
469 555 618 624 hominis
630 556 645 624 i
656 552 752 625 Pone
766 557 842 639 ista,
862 580 937 648 que
955 578 1018 624 nos
1029 554 1317 648 obstupefaciant3
1327 555 1409 647 jube

347 675 573 743 conticescere
593 673 738 765 gemitus
757 688 792 741 et
816 671 1098 756 exclamationes,
1124 687 1160 741 et
1183 695 1303 740 vocum
1322 672 1410 739 inter

346 790 584 860 lacerationem
613 788 774 857 elisarum
797 787 1027 867 acerbitatem.
1053 790 1183 882 Nempe
1217 786 1315 857 dolor
1337 805 1408 873 est;

347 927 449 995 quem
463 901 668 996 podagricus
684 901 743 969 ille
762 903 969 985 contemnit,
989 925 1091 993 quem
1112 901 1336 969 stomachicus
1356 902 1410 969 ille

346 1020 385 1087 in
402 1019 485 1111 ipsis
504 1017 636 1085 deliciis
648 1016 778 1109 perient
794 1067 804 1101 ‚
821 1042 922 1109 quem
937 1019 974 1085 in
990 1020 1173 1112 puerperio
1194 1017 1308 1112 puella
1332 1040 1411 1109 per-

348 1134 488 1228 petitur.
509 1135 608 1203 Levis
622 1137 709 1217 θεῖ’,
729 1135 756 1202 si
771 1133 861 1201 lert-e
874 1157 1027 1226 possum3
1043 1134 1158 1203 brevis
1176 1150 1251 1217 est,
1272 1135 1302 1202 si
1320 1134 1410 1201 ferre

349 1275 420 1321 nou
433 1275 580 1345 possum.

399 1371 479 1437 Haeo
497 1370 533 1436 iu
547 1370 659 1437 auimo
671 1367 806 1450 voluta,
823 1391 898 1458 quae
911 1391 1000 1461 saepe
1012 1366 1160 1455 audisti,
1177 1394 1266 1463 saepe
1278 1366 1409 1453 dixisti3

349 1481 431 1565 sed,
446 1506 491 1550 au
506 1506 587 1551 vere
607 1481 759 1551 audieris
769 1533 780 1568 ,
797 1506 842 1551 an
861 1505 943 1549 vere
965 1482 1117 1566 dixeris,
1142 1484 1264 1551 effectu
1281 1479 1407 1575 proba!

350 1598 416 1667 hoc
429 1600 520 1667 enim
530 1600 761 1691 turpissimum
772 1614 843 1680 est,
860 1596 952 1690 qnod
963 1597 1062 1667 uobis
1076 1599 1179 1691 objici
1192 1599 1278 1668 solet
1286 1650 1298 1685 ,
1312 1598 1413 1667 verba

297 1738 327 1790 15
351 1738 412 1784 nos
425 1713 669 1808 philosophiae,
685 1738 755 1783 uon
768 1738 871 1807 opera
885 1729 1043 1782 tractare.
1055 1714 1151 1806 Quid
1163 1731 1201 1783 tu
1212 1716 1228 1783 Ρ
1240 1695 1415 1809 nunc⁹pri·

351 1854 441 1898 mum
461 1830 523 1897 tibi
539 1843 682 1896 mortem
695 1830 873 1896 imminere
890 1830 1005 1911 scisti,
1026 1852 1118 1897 nunc
1131 1830 1308 1913 exsilium,
1325 1854 1414 1897 nnnc

351 1942 533 2016 dolorem?
560 1947 600 2013 In
624 1946 698 2013 baec
725 1960 824 2014 natus
854 1938 930 2013 es³l
967 1944 1149 2037 Quidquid
1177 1948 1255 2015 fieri
1285 1962 1411 2041 potest,

237 2088 242 2093 ·
351 2063 449 2156 quasi
468 2060 618 2129 futurum
635 2056 822 2153 cogitemus
843 2084 852 2127 ε
873 2060 964 2151 qnod
988 2060 1101 2129 lacere
1116 2079 1151 2130 te
1179 2086 1325 2145 moneo,
1346 2064 1412 2130 scio

351 2194 444 2247 certe
478 2176 607 2244 fecisse.
638 2177 737 2243 Nunc
761 2174 951 2259 admoneo,
973 2192 1013 2244 nt
1040 2180 1190 2248 animum
1219 2195 1318 2249 tuum
1348 2203 1413 2247 non

351 2317 485 2386 mergas
509 2295 546 2359 in
572 2294 668 2361 istam
686 2292 949 2361 sollicitudiuem
973 2320 981 2359 ε
1003 2290 1220 2379 hebetabitur
1237 2296 1352 2376 enim,
1381 2310 1414 2362 et

351 2407 462 2474 minus
479 2405 618 2474 habebit
633 2406 783 2499 vigoris,
806 2429 909 2496 quum
931 2406 1181 2501 exsurgendum
1195 2410 1274 2476 erit.
1299 2407 1414 2477 Abduc

350 2516 468 2591 illum‘
491 2547 512 2590 a
529 2524 661 2615 privata
681 2545 782 2589 cansa
794 2520 838 2590 ad
856 2522 1026 2615 publicam
1045 2551 1053 2591 2
1075 2524 1132 2593 dic
1148 2525 1293 2593 mortale
1308 2523 1369 2621 tibi
1382 2539 1415 2590 et

351 2638 472 2732 fragile
494 2637 731 2730 corpusculum
748 2660 842 2723 esse3
858 2638 913 2707 cui
926 2661 996 2706 non
1014 2663 1053 2706 ex
1072 2640 1198 2733 injuria
1212 2656 1344 2709 tantum
1359 2656 1416 2709 aut

350 2778 391 2823 ex
415 2755 616 2848 potentioris
641 2749 796 2822 viribus⁵
820 2752 1078 2823 denuntiabitur
1100 2755 1215 2841 dolor,
1244 2752 1352 2851 ipsae⁶
1380 2761 1415 2825 in

296 2881 327 2937 ιε
350 2886 517 2940 tormenta
539 2870 729 2963 voluptates
750 2886 940 2940 vertuntur.
968 2872 1086 2964 Epulae
1103 2872 1308 2943 cruditatem
1331 2875 1414 2945 alle-

350 3004 451 3075 runt3
475 2987 653 3057 ebrietates
682 3010 865 3057 nervorum
888 3005 1057 3082 torporem
1077 3006 1349 3084 tremoremqne3
1373 2993 1415 3059 li-

348 3101 483 3170 bidines
497 3100 620 3193 pedum
634 3151 643 3183 ‚
660 3124 839 3186 manuum,
855 3098 1074 3171 articulorum
1088 3106 1239 3173 omnium
1251 3103 1415 3198 deprava·

349 3217 469 3284 tiones.
481 3218 614 3309 Pauper
629 3216 705 3283 liam
717 3216 731 3283 Ρ
742 3216 956 3311 interplures
969 3226 1040 3287 ero}
1057 3221 1159 3287 Exsul
1177 3222 1255 3289 fiam
1267 3224 1284 3288 Ρ
1297 3222 1346 3289 ihi
1362 3244 1413 3289 me

386 3488 406 3521 ι.
423 3468 615 3521 Porticulnlt'm·
632 3468 660 3519 ln
679 3466 734 3520 aliis
747 3467 857 3538 quibus·
937 3473 963 3536 4.
978 3474 1073 3527 Abdsx
1092 3476 1170 3527 illum
1180 3496 1199 3526 a
1208 3479 1318 3545 privata
1333 3495 1413 3531 muso

350 3546 409 3600 dem
423 3544 494 3597 libris
505 3548 674 3598 articulatim.
695 3546 759 3598 Utra
774 3547 858 3599 verior
904 3551 944 3602 ad
960 3551 1104 3617 publicam.
1123 3554 1152 3605 ld
1176 3568 1212 3606 est
1230 3553 1325 3607 oblitus
1343 3554 1412 3607 litem

350 3624 423 3677 lectio
436 3624 479 3689 sit,
494 3622 563 3677 hand
572 3622 645 3675 facilc
654 3622 857 3678 dixerim-Selom.
905 3640 974 3679 tuem
986 3629 1108 3700 privatam
1119 3668 1126 3695 ,
1136 3632 1269 3685 considera
1288 3632 1412 3685 conditio·

385 3722 409 3753 2.
426 3702 503 3755 Leoe's
520 3710 594 3753 est...
610 3720 727 3769 possm.
746 3702 786 3753 De
809 3701 858 3754 hoe
905 3709 1087 3762 nsmomnium
1095 3711 1251 3763 mortalium.

350 3778 858 3852 jamsupradiximm-CiGatnckemd
939 3791 962 3839 5.
979 3787 1188 3856 Expetente'on's
1196 3790 1306 3842 viribus.
1314 3789 1357 3842 Sic
1366 3788 1413 3861 pri·

349 3858 387 3911 Μ.
400 3857 523 3911 Antonin.
533 3879 558 3931 p.
568 3858 630 3928 273,
641 3862 698 3929 274.
709 3860 798 3916 Sento.
813 3860 857 3930 Ep.
905 3883 961 3916 mm
970 3867 1115 3919 emendavit
1130 3867 1198 3939 lips.
1216 3868 1359 3919 commode.
1373 3864 1412 3917 Gi.

349 3952 417 4001 xxx,
434 3936 570 3990 uastati.
905 3941 1036 4007 Lxxvt,
1056 3946 1127 4010 ηιξ,
1156 3944 1181 3995 6.
1202 3948 1270 3995 Ante
1292 3962 1353 3995 enm
1373 3943 1412 3993 ed.

382 4012 406 4066 3.
423 4014 459 4067 In
476 4014 530 4067 hmo
549 4024 676 4068 natuses-
694 4014 875 4068 Inhocedd*
905 4036 964 4071 eum
975 4020 1074 4084 sumtis,
1087 4022 1324 4089 expunctionem
1338 4019 1412 4072 virid.

349 4104 410 4143 vett.
419 4112 475 4145 cum
489 4112 532 4148 ms.
544 4112 565 4145 c.
576 4106 599 4145 et
607 4094 673 4145 Par·
685 4114 711 4147 a.
723 4097 750 4145 d.
760 4093 856 4147 vitium
904 4094 981 4148 tcto

350 4168 385 4220 In
399 4168 448 4223 lac
459 4172 524 4235 Arg·
535 4171 559 4223 b.
571 4182 595 4223 et
607 4170 672 4223 Par.
683 4173 707 4225 b.
719 4170 799 4225 Sam.
937 4171 960 4223 6.
977 4174 1190 4243 lpse-Sedima
1196 4176 1322 4230 edd-ante
1328 4175 1411 4229 unul.
