2975 4992
341 471 406 563 572
448 409 451 414 ¹
628 465 669 536 u.
696 463 874 534 susal
897 463 1113 532 sauses

285 605 314 668 ¹4
340 595 433 665 tabili
449 617 581 678 somno,
598 594 789 663 tolleretur.
807 593 897 662 Huic
911 607 1024 665 tamen
1042 592 1204 663 Tiberius
1222 592 1330 663 multa
1347 619 1404 664 sua

338 735 440 780 manu
448 711 596 804 scripsit,
610 733 687 801 quae
699 707 938 778 committenda
949 731 995 778 ue
1007 709 1170 778 ministris
1182 705 1324 800 quidem
1338 711 1403 778 suis

332 826 521 920 judicabat.
534 825 673 922 Nullum
685 827 789 894 Cosso
799 839 859 893 aut
871 826 1042 918 priv'atum
1057 841 1245 907 secretum,
1266 840 1330 894 aut
1344 850 1403 918 pu-

336 942 463 1011 blicum
479 942 631 1034 elapsum
646 955 711 1010 est.
731 943 854 1033 Itaque
867 939 1128 1010 declamationes
1144 941 1227 1010 istas
1236 938 1283 1008 de
1295 940 1402 1010 medio

334 1081 565 1129 removeamus
583 1083 592 1124 :
613 1081 715 1126 uuou
728 1073 781 1126 est
795 1057 929 1124 animus
946 1057 985 1124 iu
1002 1079 1064 1124 stra
1080 1071 1264 1149 potestate,
1286 1056 1401 1126 ebrie-

334 1189 402 1244 tate
416 1173 595 1244 devinctus
607 1198 615 1240 ε
630 1169 913 1264 quemadmodum
923 1153 1033 1240 musto
1046 1171 1138 1240 dolis
1149 1172 1224 1265 ipsa
1236 1197 1401 1266 rumpun-

334 1305 415 1372 tur,
436 1303 471 1358 et
489 1311 589 1360 omne
600 1286 692 1379 quod
704 1287 742 1354 iu
759 1287 826 1356 imo
837 1287 949 1380 jaoet,
969 1289 1009 1356 iu
1026 1311 1187 1358 summam
1202 1303 1339 1381 partem
1352 1290 1401 1357 vis

333 1405 455 1476 eoloris
468 1405 606 1498 ejectat;
620 1402 669 1472 sio
678 1403 759 1471 vius
768 1390 985 1486 exaestuante,
996 1401 1165 1496 quidquid
1177 1404 1215 1472 iu
1229 1405 1300 1472 imo
1309 1404 1402 1497 jaret

279 1533 309 1584 ¹⁵
332 1522 507 1606 abditum,
530 1521 690 1602 effertur,
713 1535 748 1588 et
769 1517 884 1613 prodit
904 1522 942 1589 iu
962 1520 1111 1590 medium
1132 1547 1140 1587 :
1159 1523 1293 1590 onerati
1307 1546 1399 1590 mero

332 1637 612 1734 quemadmodum
622 1657 692 1706 uou
701 1637 876 1706 continent
884 1636 1013 1720 eibum,
1023 1637 1105 1705 vino
1115 1635 1347 1724 redundante,
1354 1641 1400 1708 ita

331 1772 377 1824 ue
390 1769 556 1826 secretum
568 1751 706 1846 quidem
718 1780 729 1839 3
739 1750 834 1844 quod
842 1774 939 1820 suum
949 1750 1164 1844 slieuum'que
1177 1767 1251 1836 est,
1266 1755 1400 1846 pariter

330 1871 522 1940 effundunt.
536 1896 553 1935 s
569 1905 620 1924 -·-
633 1865 701 1938 Sed
716 1867 870 1960 quamvis
887 1867 954 1936 hoc
979 1866 1085 1936 soleat
1100 1864 1284 1951 recidere,
1300 1870 1352 1936 ita
1367 1886 1400 1938 st

326 1983 413 2054 iliud
431 1985 516 2054 solet
528 2033 538 2068 ,
558 1999 598 2054 ut
613 2007 691 2054 oum
703 1981 758 2051 his
769 2032 782 2068 ,
802 2005 887 2074 quos
899 1985 1061 2052 sciamus¹
1077 1982 1246 2052 libentius
1253 1983 1392 2063 bibere,

328 2097 371 2168 de
382 2097 485 2168 rebus
496 2099 696 2168 necessariis
709 2096 936 2166 deliberemus
945 2101 972 2164 ².
989 2096 1126 2166 Falsum
1142 2112 1194 2165 est
1207 2119 1292 2190 ergo
1305 2097 1393 2178 hoc,

326 2212 419 2306 quod
434 2213 613 2307 patrocinii
631 2213 704 2284 iooo
720 2212 883 2306 punitio,
902 2213 936 2280 ei
957 2213 1018 2304 qui
1036 2212 1143 2281 soleat
1157 2212 1275 2282 ebrius
1288 2211 1392 2294 fieri,

326 2353 395 2399 nou
413 2327 488 2396 dari
504 2320 679 2398 tacitum³.

272 2441 302 2495 ¹⁶
375 2443 513 2536 Quanto
522 2447 625 2514 satius
641 2443 712 2529 est,
728 2461 845 2540 aperte
857 2469 1017 2515 accusare
1025 2444 1245 2528 ebrietatem,
1262 2459 1299 2515 et
1310 2446 1395 2514 vitia

325 2561 398 2652 ejus
408 2583 577 2656 exponere
590 2564 606 2632 i
618 2586 694 2654 qua
707 2562 809 2632 etism
822 2561 1006 2632 tolerabilis
1021 2563 1123 2632 homo
1135 2563 1314 2649 vitaverit,
1332 2588 1395 2630 ne·

325 2675 406 2746 dum
419 2678 589 2771 perfectus
600 2703 640 2748 ac
653 2679 787 2773 sapiens
795 2729 806 2764 ,
822 2681 878 2748 cui
890 2680 971 2747 satis
983 2694 1035 2746 est
1047 2680 1136 2747 sitim
1150 2680 1393 2771 exstinguere3

323 2793 397 2883 qui,
406 2793 507 2861 etiam
517 2793 545 2861 si
553 2771 689 2885 quando
695 2788 842 2862 homoto‘
852 2810 902 2862 ost
911 2793 1077 2874 hilaritas,
1088 2793 1200 2862 aliena
1206 2817 1309 2862 causo
1317 2821 1396 2888 pro·

323 2905 578 3000 ductslongius,
594 2910 799 2976 tomencitra
811 2907 1009 2976 ebrietatem
1018 2907 1158 2976 resistit.
1175 2911 1265 2976 Nam
1279 2909 1324 2978 de
1333 2911 1394 2978 iilo

324 3019 533 3106 videbimus,
547 3047 595 3100 ou
605 3024 773 3116 Sapientis
784 3015 942 3094 animus⁵
959 3025 1064 3092 nimio
1075 3024 1156 3092 vino
1171 3025 1345 3112 turbetur,
1359 3044 1396 3096 et

321 3295 389 3355 pater
400 3279 499 3336 fitium
510 3283 604 3347 inerit,
618 3303 670 3338 nou
684 3285 828 3339 eomtrtdi.
876 3286 986 3342 Seuera
995 3285 1388 3342 Commendorissehoiiomar·

356 3381 377 3415 ι.
384 3359 505 3414 Sciam
515 3361 574 3414 libri
584 3373 642 3416 vett.
652 3361 755 3417 Scirum
764 3363 828 3416 vul-
875 3363 956 3438 ginali
967 3364 1044 3418 unius
1056 3364 1149 3418 codicis
1159 3363 1215 3417 Po.
1225 3364 1255 3417 iu
1265 3375 1389 3418 moterlo

318 3461 370 3513 go,
383 3459 398 3492 ι
410 3441 479 3493 Mur·
490 3438 571 3493 δάιον.
874 3444 957 3519 posuit
967 3444 1051 3497 notk.
1060 3445 1105 3498 Est
1113 3456 1197 3498 autem
1203 3449 1390 3499 oommeodm

352 3537 376 3572 r.
388 3516 517 3570 Derrbus
529 3520 680 3571 necessariis
696 3517 826 3570 delibem-
875 3525 950 3578 etim
968 3523 997 3576 in
1014 3536 1132 3578 consum
1144 3523 1198 3576 Pu.
1213 3527 1242 3578 d.
1262 3523 1390 3578 δώῃ,-

318 3593 826 3650 nuss.1moromiliatuuruouliberiors
876 3599 970 3654 Sensus
982 3621 989 3652 ε
1002 3601 1062 3654 Non
1071 3599 1188 3653 mandari
1202 3612 1246 3654 aut
1260 3601 1332 3653 credi
1344 3621 1391 3652 se-

317 3686 427 3734 motum,
438 3673 484 3726 sed
498 3673 620 3740 meliora,
632 3673 660 3726 iu
673 3673 825 3743 quibusdam
874 3689 970 3731 mrum
983 3695 990 3731 ι
1001 3677 1045 3730 ωδ
1057 3677 1153 3749 phrasis
1163 3677 1328 3731 insolentior.
1347 3681 1390 3730 Aa

316 3753 455 3828 presertim
467 3753 578 3826 ingeniis
591 3773 598 3807 :
609 3753 640 3806 ts
652 3773 703 3823 quo
718 3752 826 3804 Piotsr-
873 3756 955 3821 forte,
967 3775 1019 3806 mn
1027 3757 1127 3807 midan·
1136 3755 1272 3808 motum?
1286 3753 1366 3822 Lips.

317 3833 392 3886 rhum
409 3831 466 3904 legs
476 3833 569 3902 Quoest.
586 3830 686 3884 courir.
707 3849 763 3900 cap.
780 3828 826 3880 ult.
907 3833 932 3896 4.
943 3831 1063 3883 Hortata
1071 3831 1219 3884 ed.A.cum
1229 3832 1393 3886 ms.c.riiis·

316 3911 436 3978 Lipsius.
875 3927 924 3978 que
941 3908 1039 3974 Medii,
1059 3909 1154 3981 Opsop.
1171 3922 1196 3962 st
1208 3909 1283 3962 Grut
1298 3910 1390 3980 Vulgo

349 3982 823 4041 3.Nondan·tacttum.sielibrive·
874 3996 975 4058 ortopr
992 3984 1032 4038 ed.
1051 3984 1299 4059 R.Nempeortota
1324 3988 1394 4040 olim

315 4078 396 4130 term
409 4062 596 4117 nonnullivsro
609 4062 825 4128 dore‚·moadari
871 4063 990 4136 seriptum
1023 4063 1121 4126 suern,
1151 4063 1268 4136 neglecta
1287 4065 1392 4138 aspin-

315 4143 558 4216 muiies‚utsupra§
572 4161 597 4195 ιι
612 4143 739 4207 ,tuenda
749 4159 824 4192 oroo-
872 4138 950 4196 tione.
964 4141 1045 4196 Schoe.

316 4220 484 4278 desertossd
496 4234 521 4274 et
530 4221 593 4274 dara·
602 4217 710 4274 scribere
721 4217 825 4271 licuerat
906 4222 928 4272 5.
944 4221 989 4272 Ao
1004 4220 1128 4287 sapientis
1141 4218 1258 4273 motus.
1272 4218 1394 4272 Stoicum
