2975 4992
395 485 664 565 EPISTOLA
686 494 870 563 LXXIV.
1099 492 1166 595 479
1256 574 1258 583 .

91 614 255 687 Omnium
280 614 414 686 animos
442 614 529 683 mala
556 615 668 683 aliena
694 638 734 683 ao
759 616 939 708 repentina
968 615 1160 687 sollicitant.
1191 638 1207 689 5

90 729 389 824 Quemadmodum
405 754 486 800 avos
504 733 606 800 etiam
623 732 736 800 inanis
755 730 868 801 lundis
884 756 987 801 sonus
1009 736 1163 820 territat,

90 852 139 917 ita
148 872 213 918 nos
221 872 291 917 uon
304 848 349 917 ad
359 849 463 917 iotum
475 864 605 917 tantum
616 850 836 941 exagitamur,
850 848 911 918 sed
924 850 968 918 ad
983 852 1162 944 crepitum.

139 969 219 1034 Non
231 980 344 1060 potest
355 988 439 1059 ergo
449 966 627 1057 quisquam
639 966 759 1033 beatus
768 990 859 1050 esse,
874 968 933 1058 qui
946 965 1029 1037 huic
1042 992 1077 1037 so
1089 970 1165 1061 opi·

91 1083 211 1149 nioni¹
231 1078 402 1167 credidit3
423 1082 601 1148 nonenim
619 1080 757 1148 beatum
775 1098 846 1166 est,
866 1084 933 1150 nisi
951 1080 1043 1175 quod
1060 1086 1167 1152 iutro-

90 1196 237 1291 pidum:
255 1200 347 1266 inter
363 1212 519 1290 suspecta
531 1195 620 1265 male
631 1198 771 1263 vivitur.
790 1197 959 1291 Quisquis
972 1196 1007 1267 ie
1023 1201 1165 1268 multum

90 1314 246 1381 fortuitis
259 1312 374 1397 dedit,
393 1314 567 1404 ingentem·
581 1311 646 1379 sibi
663 1314 837 1381 materiam
855 1314 1120 1407 perturbationis
1132 1332 1166 1383 et

91 1426 370 1520 inexplicabilem
384 1426 465 1495 fecit
482 1451 490 1495 ι
506 1418 580 1494 una'
590 1425 666 1499 hae
681 1428 737 1494 via
750 1424 858 1495 estad
873 1442 944 1495 tutu
959 1426 1116 1512 radenti,
1132 1446 1166 1497 et

90 1537 260 1611 esterna²
274 1542 469 1636 despicere,
489 1556 523 1610 et
541 1541 683 1611 honesto
696 1557 890 1610 contentum
906 1566 990 1611 esse.
1007 1548 1092 1611 Nam
1106 1546 1165 1638 qui
1189 1566 1207 1617 6

90 1658 227 1751 aliquid
240 1661 374 1727 Virtute
387 1659 508 1727 melius
520 1673 636 1752 putat,
648 1675 707 1726 aut
719 1659 826 1726 ullum
847 1674 972 1752 praeter
990 1661 1082 1729 illam
1099 1666 1166 1731 Bo-

90 1802 195 1859 num,
218 1775 264 1845 ad
282 1776 357 1845 haec
373 1800 451 1867 quae
469 1800 490 1843 a
510 1776 645 1844 fortuna
662 1792 888 1870 sparguntur,
908 1779 1018 1845 sinum
1035 1802 1165 1872 expau-

90 1892 161 1974 dit,
177 1909 214 1961 et
222 1893 389 1961 sollicitus
398 1886 559 1959 missilia³
571 1892 645 1984 ejus
658 1908 842 1985 exspectat.
856 1896 952 1962 Hauc
961 1888 974 1937 ⁴
983 1896 1164 1989 imaginem

89 2011 207 2077 animo
226 2026 286 2077 tuo
300 2032 471 2102 propone,
496 2008 594 2076 ludos
618 2009 728 2076 lacere
753 2009 940 2095 fortunam,
961 2027 996 2079 et
1014 2013 1049 2079 iu
1072 2012 1165 2083 bunc

89 2126 287 2193 mortalium
300 2140 422 2193 ooetum
440 2124 604 2207 bonores,
626 2124 780 2209 divitias,
802 2128 944 2219 gratiam
960 2120 1160 2197 ⁵exouters:
1261 2114 1265 2125 ¹

91 2262 240 2329 quorum
262 2238 330 2304 ulia
346 2239 436 2304 iuter
459 2236 693 2328 diripientium
717 2263 837 2309 manus
855 2244 957 2309 scissa
978 2258 1077 2327 sunt,
1099 2242 1164 2310 alis
1191 2291 1204 2339 7

88 2356 200 2423 infida
219 2356 382 2422 societate
401 2352 529 2438 divisa,
549 2354 616 2422 ulia
634 2378 757 2449 magno
774 2350 1007 2427 detrimouto⁵
1024 2382 1160 2441 eorum,

91 2472 128 2539 in
147 2494 236 2563 quos
257 2471 483 2555 devenerant,
510 2492 636 2562 prensa
658 2498 666 2537 ε
688 2474 872 2565 exquibus
895 2472 1047 2565 quadam
1072 2474 1167 2541 uliud

89 2588 275 2679 agentibus
283 2586 500 2672 inciderunt3
516 2586 688 2677 quaedam,
701 2590 782 2680 quia
793 2590 895 2657 nimia
907 2590 1128 2682 captabantur
1137 2594 1162 2672 ⁷,

89 2703 235 2785 amissa,
255 2717 310 2784 et,
335 2701 416 2771 dum
434 2699 535 2769 aride
553 2702 754 2794 rapiuntur,
780 2695 944 2795 expulsn⁸
963 2700 1053 2771 suut.
1070 2704 1165 2771 Nulli

89 2916 137 2985 qui
146 2932 238 2966 revers
250 2913 315 2985 passi
326 2924 397 2965 sunt·
406 2913 553 2966 Rutu-0
562 2930 607 2966 oo*
656 2924 706 2965 tem
719 2912 806 2967 ludere
819 2916 959 2988 pertinax-u
974 2916 1091 2970 Occurrit
1104 2938 1166 2989 quo·

91 2992 158 3044 culta
172 3001 200 3044 et
211 3012 288 3058 vera,
303 2992 425 3044 exclamat
434 2990 546 3063 Lipsius!
558 2990 606 3043 n'i·
655 3010 705 3063 que
715 2992 776 3045 ibid.
785 2994 820 3059 Il,
832 3012 854 3056 r,
865 2994 908 3047 13:
919 2994 1025 3048 «Ludus
1032 2996 1165 3050 fortunus.»

86 3070 168 3122 bilin
180 3069 317 3139 tyrannide
330 3070 411 3142 magis
428 3069 605 3142 angit,qussn
655 3070 765 3142 Egregie
790 3071 966 3125 adumbratum
989 3074 1066 3125 bobes
1089 3076 1164 3127 talem

86 3148 160 3220 quod
170 3148 203 3200 sb
209 3147 325 3219 exemplo
335 3146 453 3199 timemus
461 3164 468 3200 τ
476 3160 502 3198 et
512 3146 540 3198 iu
551 3165 605 3199 uno
654 3152 764 3203 fortunus
776 3152 866 3207 ludum
883 3174 922 3226 ap.
937 3154 1042 3207 Lucisu.
1061 3155 1163 3228 Nigrin.

87 3226 150 3279 laeso
159 3253 172 3288 ,·
181 3224 243 3279 laedi
253 3242 326 3297 posse
338 3223 469 3286 ridemur,
483 3236 508 3276 et
518 3225 605 3296 suspi—
654 3249 675 3281 c.
689 3250 738 3296 no,
753 3251 778 3303 p.
795 3230 827 3296 43
841 3232 937 3302 sq.'‘l'o.
951 3235 971 3285 1.
982 3235 1049 3306 0pp0
1060 3233 1163 3305 Bipoot.

87 3324 188 3356 camur.
489 3314 492 3323 '
654 3306 780 3373 Quasdam
796 3308 879 3361 attulit
893 3308 1114 3383 schweighauser
1131 3312 1163 3364 ad

128 3404 149 3435 ι.
165 3382 241 3435 Huic
251 3401 281 3435 se
295 3382 416 3451 opinioni.
426 3380 544 3449 Scilicet,
555 3380 604 3433 slis
653 3383 744 3455 Polyb.
759 3386 787 3449 l,
800 3387 830 3451 4,
847 3389 870 3438 5.
881 3386 973 3439 liubit.

86 3481 145 3514 esse
153 3461 240 3523 bom,
255 3480 332 3531 quarn
343 3476 401 3530 quat
412 3459 525 3511 honesta.
685 3464 709 3512 5.
720 3459 860 3515 Excutere.
872 3464 953 3531 Quasi
965 3487 993 3518 ex
1006 3480 1073 3540 toga.

125 3539 317 3592 altreiensis
329 3540 401 3604 desp.
415 3538 498 3590 Abest.
509 3548 536 3590 et
544 3538 601 3591 Par.
683 3538 708 3591 6.
725 3542 827 3609 Μαςω
846 3544 1014 3599 detrimento:
1026 3546 1095 3616 quod
1112 3556 1162 3598 trs·

83 3637 116 3668 a.
127 3617 153 3667 b.
165 3614 309 3668 commode.
319 3614 400 3666 Sedis·
650 3617 715 3669 bunt
731 3636 834 3683 secum,
855 3640 940 3689 curus,
962 3624 1160 3690 sollicitudines,

122 3694 148 3745 3.
157 3694 292 3755 Missilin,
307 3712 321 3744 s
333 3691 399 3744 ludis
413 3704 540 3767 sumptum
554 3693 598 3758 ,in
649 3697 758 3750 aliorum
770 3700 909 3765 invidiam
922 3714 946 3753 et
955 3723 1023 3772 saepe
1038 3726 1084 3759 nos
1094 3706 1162 3779 obji-

83 3771 183 3842 quibm
195 3770 320 3824 tenerulae
329 3770 412 3841 spargi
421 3768 548 3823 donorum
559 3771 600 3823 in·
648 3778 720 3830 ciunt
730 3778 840 3834 bonores
852 3782 1000 3835 sicariorum
1014 3785 1111 3839 ictibus.

84 3852 174 3918 dices,
195 3864 238 3905 sut
252 3852 306 3923 ipss
327 3851 403 3903 etism
422 3851 490 3903 dona
510 3852 601 3904 solent.
686 3876 707 3923 7.
722 3858 815 3909 Nimia
826 3859 1040 3927 captabantur-er
1053 3865 1160 3935 conject.

81 3930 262 3998 Quisesalto
274 3929 440 3982 mittebantur
452 3930 480 3980 in
489 3930 555 3984 forte
564 3950 601 3983 ca·
650 3934 756 3984 conexi.
769 3935 854 4007 Vulgo
867 3940 948 3989 nimis
958 3940 1060 4007 captub.
1073 3940 1103 3993 S.
1147 3948 1150 3953 '
1213 3936 1216 3943 ¹

81 4007 204 4079 pientes,
214 4010 333 4060 missilia
343 4006 417 4060 diets.
428 4008 518 4061 aaut.
681 4011 704 4062 8.
710 4010 838 4082 Expulsus
846 4014 903 4067 edd.
910 4028 969 4067 vett.
977 4036 1043 4069 cum.
1051 4038 1098 4069 ms.
1109 4031 1160 4070 net

121 4089 150 4153 4.
163 4086 244 4141 Ηωιι
253 4090 405 4155 sanginem.
412 4127 418 4138 .
426 4123 433 4137 .
441 4088 600 4159 jordanum.
647 4086 852 4159 emesenum
859 4112 916 4146 mss.
926 4096 988 4167 Arg.
998 4096 1022 4150 b.
1031 4108 1055 4148 st
1065 4096 1121 4149 Par.
1132 4118 1161 4149 a.

80 4164 208 4237 Respexit
215 4167 320 4218 l'ortssse
329 4164 361 4218 sd
369 4164 459 4217 Horat.
467 4164 599 4232 Csrmdll,
648 4166 672 4217 b.
685 4168 711 4216 d.
722 4166 850 4222 Excussa
861 4170 939 4244 vulgo
948 4194 996 4236 „ss
1007 4175 1101 4230 Mureti
1112 4176 1158 4228 in-

80 4260 122 4313 ²9
133 4282 142 4308 ,
156 4244 194 4295 5ο.
205 4266 221 4293 s
231 4243 371 4296 ronnas„
382 4242 472 4296 ludum
482 4243 599 4296 insolen-
648 4244 733 4315 genio.
749 4244 831 4299 Solus.
