2975 4992
348 448 417 541 494
639 450 679 515 n.
707 443 890 513 suunr
912 445 1133 517 sunnon

347 570 505 663 malitia,
525 580 593 648 nisi
610 578 672 670 qui
689 591 793 645 soum
806 599 883 645 cam
895 576 1044 645 excussit
1061 603 1069 643 :
1089 600 1188 647 nemo
1203 594 1319 649 autem
1334 580 1421 649 illam

348 699 512 781 estait,
533 698 599 765 nisi
618 696 680 788 qui
696 717 760 789 pro
776 692 836 761 illa
854 694 1063 785 Sapientiam
1081 697 1274 790 assumpsit.

306 850 324 903 9
396 812 493 905 Quid
506 813 598 881 inter
608 811 739 881 morbos
752 812 858 877 anirru
869 812 876 845 ¹
893 810 1028 877 intersit
1038 826 1073 878 et
1084 808 1239 908 affectio,
1255 836 1347 910 caepe
1353 814 1422 907 jam

348 928 443 1015 dixi3
461 953 554 997 nunc
570 951 708 1021 quoque
726 943 761 995 tc
784 924 988 995 admonebo.
1008 926 1123 995 Morbi
1140 945 1220 997 eunt
1238 930 1423 1001 inveterata

348 1048 451 1128 vitia,
468 1061 504 1114 et
515 1046 623 1132 dura,
642 1061 682 1114 ut
695 1045 860 1126 avaritia,
877 1056 916 1112 ut
931 1042 1071 1112 ambitio
1085 1044 1191 1113 nimia
1207 1070 1215 1113 ε
1232 1042 1308 1115 brec
1322 1072 1422 1141 quum

348 1161 453 1230 semel
465 1165 477 1197 ¹
491 1161 643 1229 animum
652 1175 838 1253 ceperunt,
853 1159 1114 1253 implicuerunt,
1129 1175 1163 1228 et
1175 1178 1342 1255 perpetua
1353 1164 1425 1257 ejus

342 1274 439 1343 mala
452 1297 525 1343 ease
539 1289 725 1367 ooeperunt.
743 1276 790 1342 Ut
802 1272 955 1341 breviter
972 1273 1109 1356 finiam,
1126 1274 1258 1343 morbus
1271 1294 1325 1345 eet
1334 1277 1426 1370 judi-

347 1394 441 1461 cium
460 1394 495 1460 in
516 1413 622 1485 pravo
638 1392 811 1485 pertinax,
836 1405 996 1482 tanquam
1013 1390 1113 1459 valde
1132 1392 1323 1485 expetenda
1337 1398 1420 1478 sint,

348 1532 428 1600 quat
440 1508 563 1577 leviter
575 1505 767 1601 expetenda
780 1524 860 1575 sunt
878 1533 885 1572 ι
903 1505 978 1589 vel,
999 1508 1028 1575 ei
1044 1509 1165 1590 mavis,
1184 1509 1232 1577 ita
1242 1509 1421 1577 finiamus:

295 1660 324 1694 to
352 1627 455 1694 nimis
472 1627 652 1693 imminere
667 1625 791 1693 leviter
809 1623 983 1719 petendis,
1002 1624 1057 1693 vel
1074 1648 1114 1692 ex
1133 1640 1203 1693 toto
1216 1650 1287 1695 non
1303 1642 1424 1720 peten-

351 1743 423 1828 dis,
438 1758 499 1811 aut
519 1744 556 1810 in
573 1762 698 1835 magno
714 1742 826 1834 pretio
845 1740 974 1812 babere
991 1740 1027 1807 in
1044 1739 1159 1833 aliquo
1178 1740 1356 1825 babendo,
1373 1744 1423 1810 vel

351 1860 389 1927 in
403 1858 510 1927 nullo.
532 1854 683 1954 Afflctus
700 1874 781 1925 eunt
796 1872 906 1925 motus
925 1856 1031 1923 animi
1044 1855 1307 1949 improbabiles,
1323 1857 1424 1925 subiti

351 1992 387 2045 et
402 1977 581 2060 concitati,
609 1976 688 2067 qui,
720 1974 917 2066 frequentes
937 1972 1170 2065 neglectique,
1197 1973 1313 2042 fecere
1337 1999 1426 2043 mon-

350 2090 434 2160 bum
454 2116 463 2157 :
489 2090 578 2159 sicut
598 2088 774 2156 distillatio
793 2112 881 2171 una,
903 2112 968 2155 nec
982 2086 1096 2157 adbuc
1113 2089 1149 2155 in
1171 2110 1299 2156 morem
1316 2089 1424 2157 addu-

351 2223 428 2289 cta,
450 2207 569 2274 tussim
589 2204 694 2291 lacit,
720 2204 855 2273 assidua
877 2218 913 2274 ct
935 2220 1031 2273 vetus
1043 2253 1055 2289 ,
1083 2203 1251 2297 phthisin.
1280 2209 1422 2299 ltaque,

352 2327 414 2418 qui
440 2324 625 2417 plurimum
652 2323 848 2417 profecere,
879 2338 973 2396 extra
998 2321 1134 2391 morbos
1158 2338 1258 2408 sunt3
1285 2324 1426 2393 affectus

297 2478 323 2511 ιι
349 2442 465 2511 adbuc
472 2442 643 2524 sentiunt,
660 2440 812 2533 perlecto
825 2440 983 2533 proximi.
999 2476 1036 2491 -
1052 2438 1246 2527 Secundum
1260 2459 1426 2533 genuenst

349 2580 489 2638 comm,
509 2556 568 2649 qui
588 2570 623 2623 et
641 2555 785 2622 maxima
806 2555 911 2623 animi
930 2554 1019 2623 mala
1041 2571 1075 2623 et
1091 2553 1233 2622 allectus
1256 2554 1426 2650 deposue-

351 2691 450 2761 runt3
465 2671 526 2741 aed
539 2674 585 2741 ita
598 2722 607 2753 ,
624 2688 661 2739 ut
674 2694 743 2739 nou
762 2672 805 2739 sit
818 2671 886 2740 illie
900 2672 1091 2741 securitatis
1106 2694 1175 2739 suae
1188 2688 1283 2742 certa
1296 2698 1427 2769 posses-

349 2792 423 2876 sio·,
457 2804 599 2884 potsunt
622 2790 714 2856 cuim
738 2790 774 2855 in
798 2784 916 2855 eadem
942 2786 1062 2855 relabi.
1083 2826 1133 2839 --
1151 2788 1310 2860 Tertium
1342 2788 1426 2857 illud

315 2962 322 3035 Ι
351 2930 460 3001 genus
478 2932 486 2974 :
507 2922 603 2974 extra
620 2904 725 2973 multa
749 2920 784 2971 et
806 2928 928 2997 magna
951 2904 1033 2972 vitia
1050 2920 1123 2985 est,
1158 2902 1219 2971 sed
1236 2926 1308 2971 non
1334 2922 1427 2974 cutm

387 3148 407 3179 ι.
417 3125 493 3178 Inter
499 3125 603 3177 morbos
612 3127 705 3176 animi.
716 3123 755 3175 Ex
765 3134 862 3193 pertur—
912 3141 966 3173 non
976 3121 1103 3195 perpetui,
1120 3120 1271 3195 pertineant.
1283 3122 1380 3175 Noster
1390 3136 1429 3177 ta-

350 3202 494 3257 bationibus
506 3222 525 3255 s.
539 3202 685 3261 affectibus.
699 3201 720 3252 si
734 3200 862 3255 invetera-
911 3219 971 3253 men
983 3200 1160 3271 pegmtationes
1170 3201 1213 3254 bie
1226 3222 1280 3255 non
1293 3203 1425 3269 nominat,

350 3281 446 3347 verint,
462 3280 523 3333 oriri
538 3280 662 3333 docebant
676 3278 756 3333 Stoici
768 3276 863 3352 passio·
913 3297 939 3330 re
949 3290 1033 3330 umen
1044 3280 1166 3349 agnoseit.
1181 3280 1220 3333 Cf.
1235 3301 1315 3351 quem
1333 3282 1385 3352 jam
1398 3282 1428 3331 sd

352 3380 413 3423 nes,
425 3378 483 3429 quas
497 3359 538 3410 vel
548 3360 634 3411 morbi
651 3360 809 3427 (νοσήματα)
822 3356 863 3412 vel
914 3358 1022 3430 Epvtt,
1038 3379 1060 3423 ι,
1072 3358 1155 3412 bacin
1167 3381 1193 3412 re
1204 3358 1327 3425 laudavi,
1338 3362 1429 3415 Tiede·

350 3443 531 3509 oegmtotiones
553 3442 563 3506 (
571 3438 758 3509 ἀῤῥυστῆμαια)
773 3436 864 3510 appel·
911 3455 992 3491 menn
1009 3435 1081 3505 Syst.
1093 3439 1119 3491 d·
1130 3440 1237 3495 stoisclt.
1251 3438 1324 3493 Pbr'l.
1338 3441 1377 3493 lll
1385 3479 1393 3505 ,
1406 3461 1428 3512 p.

350 3516 497 3571 lantur.1)e
511 3516 602 3587 quibus
620 3516 805 3587 distinguendis
817 3516 863 3570 etsi
917 3518 961 3573 165
972 3536 1008 3589 sq·
1022 3518 1067 3571 nbi
1082 3540 1139 3591 sqq.
1148 3520 1240 3575 Ruth.

351 3616 406 3649 non
416 3615 515 3669 prorsus
526 3595 680 3648 conveniunt
689 3594 791 3659 Cicero,
803 3594 863 3647 sio·
947 3594 1141 3664 allectorium
1157 3603 1239 3651 semet
1247 3600 1374 3653 animum
1387 3619 1429 3653 oe-

351 3674 420 3730 baeus
432 3686 456 3726 et
468 3674 598 3745 Diogenes
607 3673 735 3737 laertius,
748 3686 831 3725 tamen
842 3672 863 3728 si
910 3682 1018 3743 perient,
1028 3677 1208 3743 implicuerunt
1218 3676 1315 3743 (intell.
1328 3680 1427 3742 illurn),

351 3754 453 3826 propius
466 3774 520 3806 rem
539 3751 689 3827 inspexeris,
703 3751 804 3803 nullum
818 3771 864 3805 rez-
912 3762 1069 3821 etperpeluo
1080 3756 1135 3820 ejus
1145 3757 1428 3823 molcessempemnt.

351 3846 440 3887 meoet
458 3832 576 3895 dubium,
594 3832 658 3901 quin
671 3829 791 3895 avaritie,
804 3848 864 3881 am·
912 3832 974 3885 ldae
992 3844 1028 3885 est
1047 3830 1194 3903 planissima
1214 3833 1337 3885 editionis
1355 3835 1427 3886 Rorn.

351 3910 415 3964 bitio
424 3911 551 3981 etreliqua
563 3911 702 3963 inveterate
709 3921 734 3961 et
746 3920 863 3981 perpetue
911 3910 987 3963 Tew.
1005 3921 1030 3961 et
1041 3910 1107 3961 Ven.
1119 3910 1255 3983 scripture,
1270 3931 1352 3979 qnam
1367 3912 1428 3965 etin

351 3990 413 4043 vitia
425 3990 456 4041 asl
467 3988 586 4054 morbos,
601 3988 637 4041 ira
650 4006 727 4050 vero,
739 3986 861 4050 ebrietas,
911 3988 1138 4043 suorumeodicurn
1148 3988 1281 4041 nonnullis
1289 3990 1427 4045 Pincianus

351 4068 474 4122 timiditas
494 4068 588 4137 aliique
607 4067 635 4119 in
652 4065 863 4121 consuetudinem
912 4056 1018 4139 reperit,
1030 4066 1065 4119 ita
1078 4077 1163 4119 tamen
1174 4079 1202 4119 nt
1215 4068 1242 4119 in
1257 4067 1309 4121 illis
1321 4068 1426 4121 verbnm

351 4145 863 4217 adductiallectusadoegrotsticnes,sem·
896 4180 899 4193 ι
912 4156 1035 4211 ceperunt
1043 4156 1101 4200 aule
1112 4148 1231 4197 animm
1243 4160 1394 4219 poneretur,
1406 4160 1429 4198 et

351 4246 397 4298 per
406 4245 464 4279 eum
475 4224 645 4280 imbecillitate
654 4222 863 4293 conjunctas,sed
913 4222 961 4275 boe
985 4223 1066 4297 ipsum
1089 4226 1277 4295 percommode.
1302 4226 1427 4281 Ermdem
