2975 4992
331 462 394 531 126
610 460 651 526 L.
678 458 854 527 ANNAEI
878 456 1093 527 SENECAE

274 592 275 599 '
323 608 359 659 et
374 593 534 671 uncum',
555 601 589 654 et
605 585 760 657 adactum
776 611 840 681 per
864 588 1013 657 medium
1030 590 1200 657 hominem
1216 639 1226 672 ,
1245 593 1306 682 qui
1324 614 1395 684 pet·

323 728 360 772 os
375 706 603 794 emergeret²‚
629 702 799 793 stipitem,
823 718 858 771 et
874 702 1038 770 dietmeta
1054 704 1091 771 in
1109 703 1280 772 diversum
1302 708 1395 773 actis

322 809 504 887 curribue³
524 817 695 901 membre3
722 819 814 885 iilam
833 821 1006 901 tunicam,
1036 820 1205 887 alimentis
1227 813 1392 914 ⁴ignium

322 952 356 1005 et
373 935 492 1003 illitam
506 950 540 1001 et
553 950 673 1003 textam
685 928 717 1024 ⁵3
736 935 906 1027 quidquid
918 935 1035 1018 alind,
1054 952 1180 1028 praeter
1192 937 1282 1022 hoec,
1297 960 1394 1004 oom-

321 1066 434 1119 mentn
453 1050 580 1118 sevitie
598 1065 660 1117 est.
682 1054 758 1118 Non
784 1066 836 1118 est
860 1052 975 1143 itaque
996 1054 1141 1134 mit-um,
1169 1058 1197 1121 ei
1224 1057 1392 1123 maximus

321 1167 423 1259 hujus
441 1168 491 1234 rei
509 1168 610 1233 timon
626 1182 700 1249 est,
722 1168 820 1259 cujus
846 1183 880 1235 et
903 1170 1050 1236 vanietas
1065 1189 1211 1262 magne,
1233 1186 1268 1238 et
1285 1194 1395 1264 eppa·

280 1298 295 1351 5
322 1299 414 1351 ratus
427 1282 590 1350 terribilis
604 1298 666 1351 eet.
679 1286 764 1351 Nem
775 1284 1057 1375 quemadmodum
1071 1286 1147 1377 plus
1160 1287 1230 1379 egit
1239 1278 1253 1321 ⁶
1263 1304 1389 1373 tortor,

322 1422 390 1493 quo
404 1398 502 1491 plura
516 1399 740 1466 instrumente
753 1399 883 1468 doloris
896 1402 1049 1494 exposuit
1061 1397 1195 1495 (speeie
1208 1405 1298 1471 enim
1311 1406 1395 1473 vin-

323 1530 470 1595 cuntur,
500 1515 558 1608 qui
584 1516 778 1606 petientiae²
805 1518 1028 1605 restitiment)
1052 1542 1060 1581 :
1080 1520 1130 1586 ita
1148 1542 1189 1585 ex
1211 1519 1286 1602 hie,
1313 1544 1395 1613 quse

251 1678 254 1685 «
323 1633 452 1700 animos
469 1646 600 1697 nostros
619 1630 782 1723 subigunt
799 1648 834 1699 et
850 1632 1004 1716 doment,
1024 1634 1103 1727 plns
1115 1636 1298 1728 proficiunt
1310 1664 1393 1730 quae
1442 1662 1445 1665 ’

254 1808 257 1817 .
323 1748 452 1815 habent
476 1746 568 1837 quod
594 1749 785 1815 ostendant.
811 1750 882 1818 111ae
904 1764 1016 1842 peotes
1040 1774 1109 1817 non
1136 1753 1248 1819 minue
1266 1777 1396 1844 grevee

324 1880 426 1947 sunt,
444 1863 565 1931 famem
582 1862 684 1947 dico,
706 1880 739 1933 et
761 1866 876 1947 sitim,
896 1882 932 1933 et
951 1859 1215 1959 precordiorum
1240 1870 1397 1960 suspira-

324 1974 472 2062 tionee⁸‚
497 1976 684 2048 et'tehrest
705 1983 835 2051 viseere
859 1984 931 2076 ipse
956 1999 1146 2068 torrentesr
1177 1982 1237 2051 sed
1256 1985 1392 2069 intent,

288 2112 294 2125 ·
324 2094 413 2165 nihil
433 2095 561 2164 habent
583 2096 674 2188 quod
693 2098 879 2183 intentent,
896 2098 989 2190 qnod
1002 2100 1185 2193 preferant
1203 2128 1210 2167 ε
1227 2102 1327 2187 hee,
1352 2122 1397 2172 ut

325 2236 446 2304 magna
461 2212 571 2294 bella,
591 2229 730 2305 aspectu
745 2232 931 2306 paratuque
945 2217 1117 2285 vioernnt.·

361 2456 380 2491 1.
411 2438 529 2505 Uerum,
554 2438 750 2493 instrumentum
778 2442 834 2493 fer-
883 2442 968 2494 nieem
985 2442 1063 2511 vulgo
1080 2440 1250 2514 eppdhbent,
1268 2454 1298 2495 nt
1312 2439 1400 2493 Mtt-

325 2536 413 2583 reum,
437 2516 516 2569 instar
540 2516 626 2581 hemi,
651 2519 720 2589 quod
740 2519 833 2593 gutturi
883 2520 1034 2572 duiliux.
1048 2522 1209 2571 «Nemeum
1222 2519 1329 2583 dicetur,
1346 2531 1401 2569 tu-

325 2614 429 2660 eorum,
444 2592 487 2665 qui
498 2596 525 2646 in
540 2615 636 2647 earcere
651 2596 733 2648 necati
750 2609 832 2660 erent,
884 2598 939 2649 nice
949 2596 1254 2667 praesentemoleste‚Ure
1265 2616 1373 2647 manem
1390 2614 1402 2649 t

325 2671 520 2745 impingebatur,
533 2684 561 2723 ut
572 2672 604 2727 ml
613 2672 725 2725 Tiberim
735 2687 834 2745 pertre-
883 2674 938 2747 ples
949 2688 986 2729 est
993 2676 1090 2742 dicere,
1102 2695 1155 2728 non
1164 2676 1237 2728 ferio.
1248 2697 1262 2721 ι
1270 2674 1401 2727 Bitun-

326 2747 454 2803 herentur.
466 2750 554 2801 Ruit.
883 2752 948 2805 nelis
959 2770 966 2805 ε
979 2776 993 2800 κ
1004 2754 1067 2806 Ausi
1079 2754 1149 2823 quod
1162 2753 1236 2806 liceat
1247 2752 1333 2805 tunica
1343 2773 1400 2824 pn-

359 2848 382 2879 2.
405 2826 460 2895 Qui
468 2846 514 2895 per
522 2848 551 2879 os
560 2836 703 2894 emergeret.
716 2828 759 2880 Sic
776 2828 834 2881 edd.
883 2830 939 2883 nire
950 2830 1061 2884 moleste.
1072 2853 1085 2877 »
1102 2836 1105 2839 ’

325 2918 383 2957 vett.
396 2922 453 2957 enm
463 2905 553 2956 msstir.
569 2904 657 2975 Vulgo
672 2918 793 2973 emergat.
804 2906 834 2959 S.
914 2915 938 2964 5,
960 2912 1083 2964 Tectam.
1091 2911 1178 2983 Vulgo
1188 2913 1334 2972 inustam,
1346 2909 1402 2960 in-

325 3011 358 3025 -
373 2984 449 3052 Quod
465 2982 549 3035 Graeei
562 2996 653 3034 vocent
669 2987 830 3049 σκολοπίζιιν,
882 2988 939 3041 vitis
950 2989 1039 3041 mestis.
1050 2988 1135 3041 sete.

325 3062 378 3114 rive
392 3061 450 3133 pelo
465 3058 587 3131 infigere,
600 3060 724 3111 familiare
737 3061 835 3135 snppli-
916 3064 940 3117 6.
946 3068 1015 3135 Agit.
1023 3066 1137 3117 Fortasse
1146 3066 1300 3130 erattangit,
1307 3082 1401 3131 quan-

326 3139 392 3193 cium
403 3137 479 3190 bodie
492 3137 614 3189 Asiaticis.
629 3136 702 3205 lips.
883 3163 958 3213 qnam
964 3143 1065 3215 vulgata
1071 3142 1135 3194 bene
1143 3140 1294 3193 defenditur.
1300 3139 1399 3191 Rachle.

359 3219 383 3271 3.
404 3218 535 3271 Currr'bus.
555 3222 602 3291 Ap.
622 3218 776 3283 Eurorum,
801 3219 835 3271 tl.
916 3243 940 3287 7.
956 3222 1097 3274 patientie
1115 3242 1143 3272 er
1162 3240 1215 3271 uno
1234 3219 1291 3271 eod.
1310 3218 1399 3272 Palae.

324 3300 442 3353 cruribus
451 3298 535 3371 scripti
549 3300 599 3351 iere
612 3312 722 3363 tuentur,
735 3314 762 3351 ut
773 3320 835 3351 om-
883 3322 922 3375 ap.
933 3301 1032 3352 Gruter.
1052 3312 1076 3349 et
1092 3297 1227 3369 Lipsien0‚
1245 3296 1355 3348 Grutero
1370 3309 1401 3347 et

326 3396 370 3429 nes
391 3397 430 3448 ep.
454 3376 599 3429 Gruterum.
632 3376 725 3427 Sensus
751 3388 834 3429 tamen
884 3380 968 3451 Lipsio
979 3376 1154 3439 suadentibus,
1168 3375 1272 3428 restitui.
1285 3374 1401 3427 Parten-

325 3458 395 3510 idem
403 3468 439 3509 est
447 3474 453 3507 :
462 3456 553 3527 egitur,
566 3469 648 3507 eutem
662 3456 691 3507 de
700 3456 730 3507 iis
741 3455 832 3520 noxiis,
882 3461 921 3509 tia
934 3471 969 3509 est
979 3476 1065 3509 sensus
1075 3478 1082 3521 ς
1093 3457 1125 3507 cf·
1136 3454 1169 3506 ed
1182 3454 1231 3527 Ep.
1240 3454 1289 3517 lx,
1300 3472 1323 3502 ι.
1336 3456 1400 3505 An-

326 3554 389 3605 quos
411 3531 522 3585 cruribus
540 3553 559 3584 s.
576 3532 681 3605 pedibus
700 3534 731 3585 ad
748 3554 834 3586 currus
882 3550 921 3589 tea
931 3538 1070 3604 patientia.
1085 3534 1173 3587 Ruth.

327 3610 483 3683 alligetis‚in
494 3610 619 3663 diversum
630 3610 689 3662 actis
702 3609 772 3681 equis
782 3610 834 3661 dis·
916 3614 939 3665 8.
965 3612 1173 3666 Ρναωνᾰίονηω
1204 3614 1401 3679 suspimtiones

326 3689 423 3742 trahere
437 3688 558 3741 solebant.
572 3690 660 3741 Ruth.
884 3690 941 3743 edd.
953 3702 1011 3743 vett.
1023 3711 1081 3744 cnm
1093 3696 1158 3759 Arg.
1172 3690 1196 3742 d·
1208 3710 1228 3742 c.
1245 3688 1310 3742 Por.
1325 3710 1354 3741 α.
1365 3692 1398 3741 d.

357 3769 381 3833 4.
404 3766 545 3830 Tunicam,
571 3768 703 3817 alimentis
728 3769 833 3835 ignirtm.
883 3783 975 3822 etmss.
998 3770 1071 3822 Grut.
1089 3769 1174 3839 Vulgo
1195 3770 1400 3834 suppurationes

325 3848 398 3899 Hanc
420 3846 538 3898 describit
555 3846 678 3907 Isidorus,
703 3848 748 3899 etsi
767 3845 834 3897 maie
883 3846 914 3899 ab
930 3846 1104 3913 Eresmo,cui
1119 3846 1298 3915 suiiregantem
1310 3862 1400 3896 unum

324 3922 435 3975 culleum
454 3923 566 3995 appellet.
581 3923 623 3974 Ait
635 3923 747 3975 tunicum
759 3922 835 3974 fuisse
883 3924 949 3977 Por.
956 3925 980 3977 b.
987 3923 1105 3997 cognovi.
1113 3922 1216 3975 Praetuli
1225 3935 1307 3973 entem
1314 3920 1398 3985 istud,

325 4014 450 4073 exsperto
466 4001 514 4063 ‚in
531 4001 636 4053 modurn
651 4020 776 4055 crumena
792 4004 835 4055 se-
884 4014 968 4075 utpote
991 4002 1075 4053 minus
1096 3997 1200 4071 quidem
1224 3998 1339 4068 alioquin
1364 3996 1401 4049 in

323 4089 387 4129 etam
399 4117 406 4145 ‚
417 4092 443 4133 et
456 4078 555 4133 solitam
570 4080 639 4133 liniri
658 4080 711 4153 pice
725 4094 749 4132 et
764 4080 835 4131 bitu·
884 4093 1016 4153 promptu,
1026 4078 1337 4131 convenienseutemcum
1344 4076 1402 4149 Ep.

323 4154 400 4206 mine.
413 4156 466 4207 Hae
487 4156 589 4209 miseros
606 4157 663 4210 ilios
677 4157 815 4211 induebant
823 4199 831 4223 ,
893 4172 945 4208 tlt.
956 4155 1036 4208 Sem.

322 4244 346 4284 et
358 4232 385 4285 in
396 4234 471 4287 etsie
480 4234 630 4287 ustulabant.
641 4236 775 4288 Molestum
787 4248 830 4286 tnd
913 4256 938 4305 9.
955 4236 1052 4287 Febres
1053 4272 1095 4287 .....
1107 4244 1244 4301 torrentes,
1262 4252 1321 4286 mss.
1333 4254 1354 4287 e.
1366 4246 1399 4285 et
