2975 4992
174 544 177 549 ,
279 468 346 537 Soa
561 468 602 535 L.
629 464 810 535 ANNAEI
833 460 1053 535 SENECAE

281 598 444 666 clientum
473 598 593 679 turba,
625 598 823 679 nobilitate,
855 614 890 667 et
914 620 1056 669 avorum
1087 622 1364 693 proavorumque

228 743 259 775 w
284 716 392 798 serie,
421 715 482 784 sed
499 740 541 783 ex
559 716 714 784 confesso
735 716 847 783 bonus
868 716 934 799 sit;
961 714 1122 809 probabis
1139 716 1252 785 illum.
1271 719 1365 810 Ergo

284 830 352 902 boo
364 858 471 901 unum
490 848 542 901 est
560 835 693 901 Bonum
705 832 854 901 bominis
873 858 882 899 ι
903 834 964 925 qui
979 832 1103 916 habet,
1124 836 1226 903 etiam
1244 836 1273 903 si
1287 834 1365 903 aliis

286 948 509 1031 destituitur,
534 948 726 1019 laudandus
754 964 828 1036 est3
859 949 951 1043 quod
979 954 1136 1045 quinon
1166 952 1295 1037 habet,
1327 954 1365 1020 in

287 1068 438 1137 omnium
455 1063 599 1136 aliorum
617 1069 715 1161 eopia
734 1067 915 1137 damnatur
931 1070 1158 1163 sovrejicitur.
1176 1069 1266 1163 Quae
1280 1094 1365 1138 oon-

268 1182 376 1253 'ditio
398 1206 532 1268 rerum,
555 1185 732 1254 eademst
759 1185 937 1255 bominum
965 1194 1029 1255 ost.
1055 1190 1159 1257 Navis
1181 1187 1294 1257 bona¹
1314 1185 1368 1254 di·

290 1302 396 1382 citur,
426 1322 516 1383 non,
543 1324 626 1393 quae·
645 1300 806 1393 pretiosis
821 1301 992 1371 coloribus
1016 1304 1108 1397 picta
1126 1319 1195 1387 est,
1223 1328 1292 1371 nec
1312 1303 1368 1370 cni

290 1430 489 1507 argenteum
511 1431 572 1484 aut
595 1436 735 1483 aureum
757 1430 903 1484 rostrum
929 1430 999 1499 est,
1027 1442 1093 1490 neo
1117 1419 1216 1511 cujus
1236 1417 1369 1487 ‘tutela

292 1532 396 1601 ebore
415 1532 532 1601 calata
548 1548 621 1615 ost,
642 1554 707 1601 neo
729 1557 805 1625 quae
821 1534 913 1603 lisois
929 1558 969 1603 ao
986 1536 1109 1629 opibus
1127 1537 1235 1629 regiis
1252 1558 1371 1629 pressa

293 1663 366 1735 θοις
386 1648 446 1717 sed
458 1649 608 1734 stabilis,
624 1665 659 1717 ot
678 1650 775 1719 firma
784 1700 796 1737 ,
810 1667 845 1719 et
856 1652 1031 1745 juncturis
1044 1675 1170 1745 aquam
1183 1649 1372 1721 excluden-

295 1764 387 1833 tibus
399 1765 525 1858 spissa,
538 1765 583 1834 ad
600 1766 779 1835 ferendum
791 1771 969 1839 incursum
979 1770 1083 1839 maris
1096 1768 1222 1852 solida,
1241 1768 1370 1861 guber-

243 1911 270 1944 n
296 1881 420 1951 naoulo
429 1906 572 1976 parens,
587 1882 703 1967 velox,
717 1896 754 1953 et
767 1908 837 1953 non
851 1887 1153 1957 sentionsventum
1165 1879 1193 1952 ³.
1209 1883 1371 1953 Gladium

297 1998 425 2067 bonum
447 1997 559 2082 dices,
590 2023 682 2083 non,
709 2002 767 2069 cui
784 2018 923 2072 auratus
941 2018 993 2071 est
1011 2002 1163 2087 balteus,
1185 2024 1255 2069 neo
1276 2002 1374 2093 eujus

297 2116 421 2209 vagina
436 2118 577 2209 gemmis
591 2116 836 2211 distinguitur3
850 2118 911 2187 sed
921 2121 978 2187 oui
991 2117 1083 2188 etad
1094 2117 1281 2187 seeundum
1292 2116 1374 2187 sub·

301 2227 371 2295 tilis
391 2229 482 2297 acies
497 2246 567 2311 est,
596 2246 632 2299 et
649 2256 768 2301 mucro
796 2234 1041 2303 munimentum
1067 2258 1168 2302 omne
1193 2248 1372 2325 rupturus.

300 2346 450 2439 Regula,
472 2371 542 2415 non
561 2372 662 2441 quam
679 2348 842 2435 formosa,
866 2347 927 2419 sed
943 2358 1045 2441 qua'm
1060 2350 1236 2431 reotasit,
1256 2349 1377 2441 queri·

304 2592 368 2644 bam
387 2602 412 2643 et
423 2590 585 2644 salutationes
598 2592 733 2645 matutinas
752 2612 815 2666 spe-
865 2592 950 2667 ganda
964 2593 1006 2646 vel
1024 2614 1053 2647 ex
1065 2594 1213 2660 bosnasio,
1227 2591 1274 2662 qui
1286 2590 1317 2643 de
1329 2608 1378 2641 ea-

306 2683 363 2724 otat.
386 2669 511 2725 Ceterum
528 2672 651 2725 sententia
672 2671 727 2725 bec
749 2689 815 2745 sepe
865 2670 923 2724 ‹lern
936 2691 978 2737 re,
994 2670 1040 2723 lib.
1056 2672 1152 2745 l,cap.
1166 2692 1194 2725 ιι
1211 2666 1378 2741 :sllapuisse

306 2769 346 2823 ap.
352 2760 448 2801 veteres
454 2748 597 2807 occurrite
606 2769 628 2801 c.
638 2748 740 2802 Sallust.
749 2748 816 2803 Bell.
865 2748 957 2802 dicitur
967 2748 993 2801 in
1003 2749 1089 2820 aquila
1098 2748 1243 2803 catamitum
1252 2746 1380 2818 :poeticus

306 2828 368 2901 lug.
378 2848 400 2881 o.
411 2846 426 2879 a
438 2826 493 2881 iaie
505 2826 598 2879 Book.
865 2828 937 2881 color
948 2840 999 2891 estt
1012 2828 1057 2882 aed
1065 2848 1110 2901 per
1120 2827 1274 2901 religionem
1285 2824 1380 2889 (scribe

343 2926 365 2959 ι.
379 2908 464 2960 Naso
480 2907 582 2960 bom...
591 2910 685 2959 eoelata
695 2916 742 2960 est.
756 2910 817 2959 Non
866 2906 1002 2977 legionem)
1009 2904 1183 2979 rapuit,cujus
1189 2904 1290 2975 insigne
1298 2902 1378 2973 Aqui·

309 3005 338 3039 ea
349 2984 421 3037 navis
432 2982 501 3037 bona
512 2997 565 3046 est.
576 3003 633 3055 quae
645 2983 818 3037 luxuriosissi-
867 2984 891 3037 la
898 2998 949 3049 est;
958 2996 1001 3035 aut
1010 2984 1082 3035 navis
1090 2982 1174 3053 inqua
1183 2994 1220 3035 eal
1230 2980 1380 3053 impositus,

308 3074 470 3127 meorum,
493 3074 628 3125 encausto,
652 3082 672 3114 s.
691 3062 819 3115 coloribus
867 3061 971 3115 tutelam
986 3060 1075 3114 babuit
1085 3061 1113 3113 in
1124 3058 1214 3130 aquila
1224 3056 1381 3133 figuratam:

309 3142 370 3195 ostis
381 3142 556 3211 (κηρογραφίᾳ)
570 3140 680 3212 speciose
694 3140 820 3193 extrinse-
867 3141 1039 3195 sioutlaurum
1047 3138 1183 3213 figuratum
1193 3157 1288 3209 ,quarn
1297 3135 1382 3209 rapuit

310 3241 355 3274 cus
368 3234 392 3274 et
403 3220 553 3273 intrinsecus
566 3221 631 3293 picta
643 3220 676 3273 ad
689 3222 743 3290 ejus
753 3240 820 3273 con·
869 3220 1030 3294 Europam.»
1045 3216 1208 3286 Lipsius-
1224 3214 1321 3267 Graecis
1337 3233 1382 3285 pro

309 3298 480 3354 servationem
495 3309 521 3350 et
532 3310 659 3350 ornatum.
673 3302 682 3363 (
694 3298 734 3350 Cl.
746 3296 820 3351 Bibl.
869 3298 947 3352 tutela
963 3302 1102 3368 παράσημν
1122 3308 1190 3361 erat,
1215 3294 1284 3347 untle
1304 3312 1383 3345 naves

310 3378 436 3429 derasam
445 3374 506 3427 Lite.
516 3394 542 3426 ss.
553 3376 646 3428 Kuml
655 3376 731 3448 lV,p.
741 3390 775 3446 99
783 3394 820 3445 sq·
870 3375 1077 3452 appellabantur:
1089 3375 1143 3428 ritl.
1153 3372 1288 3427 Euschetle
1299 3371 1330 3422 de
1341 3383 1384 3422 tn-

311 3452 512 3507 Gsonovffhes·
526 3452 613 3522 Antiq·
626 3452 781 3517 (ir-'HL
796 3474 821 3526 p·
868 3456 918 3509 tela
942 3468 966 3507 et
987 3452 1132 3529 insignibus
1149 3452 1273 3517 navium,
1298 3448 1384 3503 Leitle

307 3532 432 3602 ὅθι-γι.)
445 3531 486 3584 As
499 3531 618 3585 eumdem
630 3531 717 3585 luxum
729 3544 823 3607 spectat
874 3552 944 3603 ¹⁷7⁰·
968 3532 1029 3585 Erat
1050 3531 1183 3584 artificiose
1207 3529 1335 3583 elaborata
1359 3541 1384 3579 et

312 3630 414 3683 quoque
426 3620 599 3679 argmreumo.
610 3619 737 3678 rostrum,
753 3610 823 3681 quod
870 3610 1124 3684 compositaznsmab
1131 3608 1255 3662 coelareb.
1263 3608 1280 3663 l.
1288 3606 1384 3661 laxiore

312 3709 342 3742 ex
352 3707 401 3742 tere
411 3690 512 3740 ferrove
521 3686 605 3741 liebat.
618 3687 707 3739 Rosa.
871 3688 917 3741 bae
935 3686 1119 3761 significatione
1137 3686 1292 3740 sumendum
1311 3704 1383 3749 ease,

346 3786 369 3819 a.
388 3764 489 3818 Tutela.
500 3775 567 3833 supa
587 3771 663 3829 θεοῦ,
681 3777 761 3818 amtor
777 3764 819 3817 slei
870 3778 925 3839 post
938 3762 1188 3839 8·1ιιιιιίἰ,Ἠε]ιιίί
1207 3778 1233 3817 et
1245 3764 1384 3817 Veltbemii

311 3844 425 3897 tutelaria
440 3844 470 3896 in
485 3844 563 3917 puppi
581 3844 685 3897 navium
697 3862 822 3895 romana·
871 3864 958 3909 caras,
972 3864 1042 3896 nune
1052 3862 1091 3896 res
1102 3857 1162 3896 nota
1172 3855 1216 3897 ess.
1227 3842 1318 3896 Ruso.

312 3943 378 3977 rum.
386 3922 479 3975 Silius:
487 3922 654 3993 «Tuteloequs
664 3922 749 3975 Deum
758 3920 823 3972 fini·
904 3924 928 3977 3.
938 3924 1000 3977 Non
1011 3927 1124 3976 sennem
1131 3932 1238 3975 wnmm
1247 3957 1255 3985 ,
1265 3921 1282 3973 i.
1294 3941 1316 3972 e.
1327 3938 1385 3990 qum

312 4011 397 4052 tant»
408 3998 550 4064 Festus,in
560 4000 661 4071 Europa
672 4016 680 4051 t
691 3996 823 4050 «Aliieam
873 3999 1017 4072 priusquam
1037 4011 1140 4051 ventum
1160 3998 1267 4060 sentiat,
1288 3997 1341 4066 jam
1358 3996 1383 4047 in

313 4078 502 4151 spretionibus
514 4090 620 4151 raptam,
631 4091 656 4131 et
667 4098 742 4141 nave,
753 4077 824 4150 eujus
872 4096 947 4131 eursu
955 4090 1005 4141 est,
1014 4088 1041 4129 ut
1050 4094 1110 4129 curn
1120 4076 1195 4128 (irus.
1207 4077 1384 4147 interpretatur

312 4154 825 4229 tutelaaffigiemtanribabuerit,insam
872 4152 1383 4209 Gron.Constantsmlibrommomnium

313 4234 443 4307 regionem
455 4253 507 4289 esse
519 4233 660 4287 delatam.»
672 4235 708 4285 lta
721 4232 776 4287 beo
786 4232 824 4284 le·
873 4233 1020 4306 scripturam
1033 4244 1099 4284 reete
1112 4230 1206 4305 recepit
1215 4231 1303 4285 Rubi.
1314 4228 1381 4283 Vul-
