2975 4992
296 426 358 513 146
577 414 618 492 1..
643 395 820 493 annm
843 402 1064 495 sannen

290 580 359 625 non
372 554 567 624 circumdat
583 552 678 623 iilum
692 554 794 622 turha
807 577 985 623 servorum
996 603 1007 638 ,
1020 553 1066 624 ad
1076 576 1164 647 quos
1173 553 1369 649 pascendos
1441 552 1446 561 ’

289 672 591 744 transmarinarum
606 672 807 767 regionum¹
824 685 875 740 est
893 670 1041 765 optanda
1056 653 1225 741 fertilitas.
1243 672 1367 741 Facile

289 802 345 860 est
359 813 499 885 pascere
518 812 643 884 paucos
659 803 819 873 ventres,
842 803 876 857 et
893 786 983 859 hene
1000 789 1200 872 institutos,
1221 805 1256 859 et
1272 787 1367 857 nihii

233 910 237 926 ‘
289 898 384 976 aliud
401 904 654 991 desiderantes,
673 928 777 999 quam
792 905 941 1000 impleri.
958 908 1069 975 Parvo
1083 900 1190 977 fames
1204 920 1361 986 oonsut,

193 1066 195 1071 .
290 1045 413 1115 magno
435 1020 645 1091 fastidium².
662 1022 849 1114 Paupertas
868 1035 1028 1104 contenta
1043 1037 1095 1091 est
1111 1018 1292 1104 desideriis
1306 1021 1371 1087 in·—

292 1139 465 1208 stantihns
481 1136 686 1209 satisfacere.
889 1111 896 1130 ³

249 1286 267 1351 4
340 1258 437 1353 Quid
453 1273 504 1329 est
520 1280 602 1352 ergo
619 1282 724 1351 quare
737 1273 776 1327 ut
792 1259 882 1327 hano
898 1281 1036 1327 recuses
1056 1235 1367 1337 contubernalem,

292 1355 389 1472 cnjus
404 1398 513 1445 mores
527 1399 628 1444 sanus
638 1373 733 1443 dives
740 1372 961 1446 imitaturtsi
972 1376 1023 1445 vis
1033 1398 1154 1445 vaeare
1165 1376 1291 1457 animo,
1304 1388 1370 1443 aut

292 1513 423 1585 pauper
441 1489 486 1558 sis
503 1504 662 1583 oportet,
678 1503 737 1557 aut
754 1489 901 1585 pauperi
917 1489 1051 1557 similis.
1069 1492 1147 1559 Non
1165 1505 1278 1584 potest
1294 1503 1373 1557 stu-

294 1606 389 1676 dium
408 1606 555 1677 saiutare
574 1605 651 1677 fieri
672 1607 747 1675 sine
766 1606 971 1701 frugalitatis
985 1630 1069 1677 cura
1086 1632 1095 1676 t
1111 1596 1287 1701 impolitas
1303 1630 1374 1675 au·
1434 1690 1444 1699 ·

294 1741 381 1808 tem,
399 1738 585 1818 paupertas
600 1722 792 1793 voluntaria
808 1739 872 1792 est.
888 1723 987 1793 Tolle
1001 1724 1118 1818 itaque
1131 1726 1214 1793 istas
1228 1748 1375 1793 excusa-

236 1882 243 1891 ·
295 1843 405 1913 tiones
422 1867 431 1910 z
454 1868 472 1907 a
487 1840 663 1935 Quantum
679 1855 730 1913 sat
742 1854 794 1911 est
803 1834 1004 1933 ⁵,nondum
1016 1840 1128 1910 haheo
1149 1866 1159 1909 t
1175 1843 1204 1910 si
1217 1841 1373 1910 odiliam
1402 1852 1408 1859 '

295 1980 458 2029 summam
472 1978 680 2051 pervenero,
697 1971 781 2027 tuno
798 1980 852 2025 me
868 1969 976 2025 totum
988 1956 1214 2051 philosophia
1232 1954 1335 2025 daho.
1351 1983 1371 2019 a

296 2072 402 2165 Atqui
425 2068 514 2139 nihil
537 2071 658 2165 prius,
680 2092 781 2161 quam
797 2068 890 2153 hoc,
910 2068 1101 2163 parandum
1123 2086 1194 2153 est,
1214 2068 1307 2162 quod
1335 2084 1376 2138 tu

259 2190 274 2257 i
298 2180 416 2259 differs
425 2202 460 2257 et
470 2201 676 2281 postooetera
685 2208 784 2281 paras
796 2214 807 2275 3
821 2185 866 2255 ab
877 2187 944 2257 hoo
955 2186 1191 2283 incipiendum
1201 2202 1266 2257 est.
1279 2215 1298 2250 a
1309 2190 1378 2256 Pa·

299 2326 395 2385 rare,
425 2300 567 2395 inquis,
592 2300 686 2371 unde
706 2301 844 2385 viram,
872 2300 961 2371 volo.
980 2327 1054 2369 ι·-
1067 2303 1176 2373 simu}
1199 2318 1235 2372 et
1250 2326 1377 2397 parare

301 2410 416 2489 disce⁴
430 2413 439 2484 l
461 2418 498 2489 si
512 2415 596 2510 quid
610 2432 643 2487 te
656 2431 748 2487 vetat
763 2416 855 2487 buno
868 2416 1003 2501 vivore,
1026 2418 1116 2487 hene
1130 2420 1216 2489 mori
1230 2442 1300 2487 non
1313 2442 1381 2487 ve-

302 2552 362 2606 tat.
383 2535 461 2605 Non
480 2549 533 2602 est
552 2530 644 2626 quod
662 2556 724 2603 nos
742 2548 958 2629 paupertasa
976 2533 1195 2631 philosophia
1208 2550 1377 2619 revocet,

304 2676 349 2723 ne
367 2666 499 2745 egestas
524 2648 676 2743 quidem.
704 2648 897 2718 Toleranda
917 2665 968 2719 est
987 2651 1079 2719 euim
1096 2650 1142 2720 ad
1162 2652 1228 2720 hoo
1245 2676 1383 2747 prope-

305 2766 460 2837 rantibus
477 2764 532 2833 vel
551 2763 678 2853 fames3
699 2788 800 2857 quam
820 2764 1006 2834 toleravere
1020 2766 1158 2859 quidam
1172 2767 1210 2835 in
1226 2766 1384 2837 ohsidio-

306 2882 422 2952 nibus.
434 2883 480 2949 Et
489 2878 583 2975 quod
591 2876 687 2950 aliud
700 2880 875 2949 eratiliius
887 2882 1058 2975 patientiae
1068 2884 1245 2976 praemium
1255 2934 1264 2968 ,
1276 2908 1386 2977 quam

309 3003 346 3069 in
359 2999 539 3070 arbitrium
558 3020 627 3065 non
645 2994 769 3067 eadere
788 2997 950 3067 victoris?
962 3015 1090 3092 quanto
1106 2980 1173 3070 hoo
1186 3000 1295 3095 majus
1306 3018 1386 3086 est,

312 3258 369 3301 rum
383 3245 492 3301 ridetur.
511 3242 594 3299 Schw-
603 3270 637 3285 ·-
650 3244 753 3313 Aliqua
763 3262 827 3298 con·
909 3266 933 3298 a.
950 3244 1038 3299 Paroa
1045 3246 1138 3315 sontes
1157 3258 1276 3314 comtot,
1288 3270 1394 3320 maffia

266 3331 268 3337 '
313 3326 448 3390 clamatio,
456 3334 483 3376 nt
491 3320 518 3374 in
527 3320 586 3395 igue
594 3319 698 3388 pruina,
707 3318 827 3393 periculo.
868 3322 1022 3395 fastidium.
1034 3324 1078 3377 Sic
1090 3345 1163 3397 snpra
1175 3326 1289 3399 Epis&
1301 3326 1394 3383 Pm-

314 3404 432 3473 Lipsius.
877 3400 928 3453 bile
939 3402 1056 3472 estquod
1069 3412 1157 3456 natura
1169 3395 1296 3459 hohan
1305 3420 1331 3460 ot
1343 3428 1394 3480 ap-

354 3504 375 3536 ι.
397 3480 649 3535 Τναηειηαήηανωη
674 3482 805 3549 regionum
821 3519 829 3547 ,
878 3478 989 3553 positum
999 3496 1006 3532 τ
1018 3479 1051 3531 ad
1062 3499 1215 3553 supervacua
1230 3484 1336 3539 sudatur
1335 3522 1396 3539 ......

318 3581 340 3614 a.
361 3579 383 3613 c.
400 3556 495 3612 Airita
508 3592 516 3622 ‚
538 3568 562 3611 at
582 3557 609 3609 in
627 3556 675 3611 hac
695 3555 831 3630 presertim
879 3558 911 3610 ad
923 3577 1028 3611 manum
1041 3560 1158 3632 estquod
1169 3561 1229 3614 satia
1239 3577 1284 3615 ast.

319 3635 446 3711 Egypti,
459 3653 567 3707 quarum
578 3634 831 3707 (rumentirmaxitoae
912 3637 937 3689 3.
957 3638 1148 3709 Quantumsot
1156 3650 1239 3697 est...
1247 3643 1327 3697 dabo.
1339 3644 1400 3697 ΑΙ·-

320 3716 398 3789 copiae
403 3726 552 3767 transvecta
557 3712 675 3765 Romam.
683 3711 754 3765 ltalia
762 3712 831 3765 euim
881 3714 984 3790 phium,
991 3717 1167 3771 faeneratorem
1178 3718 1251 3771 iilum
1257 3718 1325 3773 ruris
1335 3720 1400 3773 lau-

321 3791 395 3845 bellis
404 3829 412 3857 ,
428 3788 581 3844 latitlimdiis
593 3790 702 3861 luxuque
716 3788 831 3843 exhausta
882 3793 996 3845 datorem
1014 3813 1053 3867 ap.
1072 3794 1161 3848 Horat.
1179 3796 1262 3867 Epod.
1273 3797 1315 3862 il,
1332 3797 1403 3851 eoi-

322 3868 413 3924 inc'oiis
433 3868 486 3923 auia
510 3866 611 3935 alendis
632 3870 683 3937 jam
702 3868 833 3923 Ciceronis
882 3890 959 3942 quarn
981 3871 1040 3938 hio,
1063 3874 1104 3925 vel
1121 3893 1162 3925 rna
1182 3894 1236 3926 non
1257 3888 1402 3943 monente,

326 3958 439 4021 tempore
451 3964 503 3997 non
516 3944 621 3998 suffetii
634 3944 716 3997 Varro
724 3944 836 3999 detta.
884 3945 1074 4004 obversatorum
1088 3969 1140 4003 esse
1152 3951 1252 4023 opinor.
1259 3950 1353 4005 ltalia.

322 4026 355 4090 ll,
371 4044 396 4093 ι,
405 4025 454 4079 ait:
469 4022 665 4077 «Saturisnmna
676 4044 705 4076 ex
717 4022 837 4077 Sardinia
917 4029 943 4095 4.
958 4026 1048 4083 Simul
1058 4037 1188 4098 etpumia
1198 4031 1276 4085 disoe-
1287 4030 1336 4085 vis
1348 4050 1407 4105 pa·-

325 4116 350 4157 οι
366 4101 482 4157 africa.»
494 4100 534 4157 Cf.
546 4100 635 4156 Horat.
646 4100 684 4167 il,
697 4100 783 4155 Cam.
798 4104 835 4156 15.
884 4104 957 4159 rare?
969 4106 1095 4160 rationem
1105 4108 1213 4183 panuh
1229 4109 1306 4162 etiam
1317 4107 1408 4165 disee.

323 4180 375 4235 Sed
387 4200 426 4234 rea
436 4194 496 4235 nota
508 4193 551 4234 est.
562 4180 650 4234 Rota.
719 4206 720 4209 ¹
885 4182 952 4251 Qua
969 4180 1023 4237 est?
1041 4195 1069 4236 ut
1088 4185 1172 4239 vivere
1183 4199 1315 4259 promptus
1325 4186 1360 4241 sis
1376 4201 1408 4240 et
