2975 4992
284 394 287 399 ·
337 416 402 487 290
621 392 663 457 ι.
687 384 870 454 suuni
893 383 1115 455 sunnon

256 558 309 573 ...
333 521 426 618 quod
435 544 479 591 ne
488 534 647 612 tunquam
653 515 850 587 horninibus
858 514 997 609 quidem
1008 514 1089 600 ,sed
1102 532 1263 611 tunquam
1271 519 1410 611 jumen-

332 638 559 711 tisubutimur
571 660 580 702 t
594 633 707 727 quod,
729 657 835 725 quum
853 630 899 699 ad
917 630 1120 701 coeusndum
1140 632 1404 718 discubuimus,

330 756 418 825 nlius
436 766 534 846 sputu
550 750 700 845 detergit
710 754 734 833 ¹,
754 747 841 817 alius
858 747 1022 840 reliquias
1039 748 1306 818 temulentorum
1319 752 1406 820 sub-

329 873 423 943 ditus
437 870 589 965 colligit,
618 867 705 937 alius
729 867 895 963 pretiosas
913 889 993 934 sves
1011 864 1152 949 scindit,
1174 883 1229 951 et,
1254 892 1318 961 per
1335 894 1406 962 pe-

328 1006 403 1060 ctus
424 1004 460 1058 et
485 987 625 1057 cluues²
652 985 755 1055 certis
781 981 940 1051 ductibus
962 982 1208 1051 circumferens
1232 983 1404 1054 eruditam

285 1116 301 1167 5
328 1130 482 1187 msuum,
499 1104 536 1171 iu
549 1102 655 1170 frusta
669 1101 808 1169 excutit.
826 1097 970 1183 Infelix,
983 1099 1136 1189 quihuic
1150 1101 1211 1167 uui
1224 1102 1275 1169 rei
1291 1102 1403 1187 vivit,

325 1238 363 1291 ut
378 1220 487 1292 altilia
503 1216 665 1287 decenter
678 1230 769 1283 secet
784 1242 792 1281 ε
813 1215 878 1283 nisi
893 1214 986 1307 quod
1001 1214 1158 1283 miserior
1173 1230 1244 1299 est,
1261 1219 1321 1309 qui
1333 1216 1406 1287 hoc

323 1336 504 1429 voluptatis
515 1357 618 1429 causa!
626 1331 743 1413 docet,
756 1354 859 1423 quam
868 1330 928 1422 qui
939 1331 1149 1399 necessitatis
1159 1329 1272 1399 discit.
1285 1333 1401 1419 Alius,

322 1453 394 1521 viui
411 1452 578 1543 minister,
593 1450 630 1517 in
643 1445 845 1515 muliebrem
860 1444 996 1513 modum
1016 1439 1188 1529 ornatus³,
1205 1473 1282 1517 cum
1297 1466 1401 1519 aetate

322 1569 470 1638 luctatur
495 1594 502 1632 :
533 1590 602 1633 nou
620 1579 730 1657 potest
751 1562 903 1654 effugere
927 1563 1135 1653 pueritiam:
1155 1560 1371 1635 ‘retrahitur
1390 1594 1399 1635 ε

316 1684 457 1777 jamque
467 1681 608 1749 militari
626 1679 748 1749 habitu
756 1672 784 1765 ⁵,
801 1677 933 1771 glaber,
952 1669 1100 1747 retritis⁶
1114 1679 1210 1771 pilis,
1225 1696 1284 1749 uut
1297 1684 1402 1774 peni-

319 1815 375 1868 tus
389 1798 532 1881 evulsis,
549 1813 619 1865 totu
632 1811 730 1865 nocte
742 1792 941 1888 pervigilum
952 1816 1053 1884 quarn
1068 1795 1159 1864 inter
1175 1796 1399 1867 tebrieutem

320 1915 449 1984 domiui
467 1938 508 1982 ac
523 1912 702 1981 libidinem
724 1908 869 1991 dividit,
891 1910 980 1977 etin
999 1910 1156 1980 cubiculo
1171 1914 1290 2001 vir,iu
1308 1938 1398 1983 con-

276 2048 294 2103 s
319 2024 433 2100 vivio⁸
449 2052 536 2125 puer
552 2044 614 2095 est.
632 2026 752 2111 Alius,
769 2026 824 2094 cui
837 2025 1057 2093 convivarum
1073 2050 1216 2096 censura
1229 2030 1399 2120 permissu

319 2159 385 2232 cst,
395 2157 524 2239 perstat
533 2141 671 2225 infelix,
687 2156 721 2208 et
731 2154 922 2235 exspectat,
938 2140 1203 2231 quosudulutio,
1220 2157 1255 2210 et
1265 2144 1396 2213 intem-

312 2378 347 2433 Η.
358 2378 462 2445 xvm,
473 2378 489 2431 3
499 2416 507 2440 ,
518 2377 600 2431 vincti
617 2376 711 2449 perles,
726 2374 829 2428 damus·
878 2386 944 2426 reete
957 2374 1052 2428 delevit
1061 2376 1147 2429 Rubl.
1158 2380 1270 2432 monitus
1280 2400 1296 2433 e
1305 2380 1397 2433 Gron.

313 2470 345 2512 tn
356 2476 455 2522 manus,
465 2454 629 2527 inscriptique
643 2452 746 2518 vultus,
766 2472 827 2505 srva
876 2452 909 2505 sd
922 2452 998 2526 Epist.
1010 2469 1089 2520 xxtv,
1103 2468 1155 2507 not.
1171 2456 1207 2510 rb
1221 2458 1327 2529 lgnorst
1344 2477 1397 2509 au-

313 2542 443 2587 exercent:
462 2532 521 2585 coll·
538 2533 671 2597 Flenlll,
685 2532 824 2604 rqlruean.
876 2541 927 2581 tern
937 2531 1053 2584 eumdem
1066 2530 1106 2586 ed.
1119 2533 1155 2584 lt.
1167 2532 1249 2587 Schts.

312 2614 379 2678 Vll,
392 2616 454 2681 402,
468 2622 496 2665 ut
507 2612 570 2667 elios
585 2610 708 2664 omittam.
721 2610 813 2663 null.
909 2612 934 2662 5.
945 2608 1062 2679 Jamque
1069 2613 1180 2663 militari
1188 2612 1287 2665 haute
1300 2612 1351 2664 Ille
1362 2626 1397 2665 ut

348 2710 370 2743 ι.
390 2689 476 2758 Spera
497 2692 633 2759 detergit...
645 2692 753 2743 excolit.
770 2688 826 2739 lle-
874 2686 1308 2753 mulierorustus,serrusiorrusnr
1319 2690 1395 2742 mili-

312 2769 371 2823 dem
387 2771 440 2822 sm
459 2768 491 2822 dg
506 2770 604 2823 Brevis,
616 2770 661 2822 vit.
676 2770 703 2820 L.
716 2770 767 2821 ΧΠ
780 2805 788 2834 ‚
800 2767 825 2832 4,
874 2762 905 2814 tis
916 2762 1064 2816 robustioris
1071 2765 1155 2829 babet,
1165 2766 1208 2818 sed
1215 2780 1242 2818 ut
1249 2766 1395 2839 pueritiam

310 2844 429 2898 Juvenal.
442 2845 493 2899 Set
504 2862 536 2915 v,
554 2864 607 2899 rso.
618 2846 709 2898 Euhie.
872 2842 982 2894 retrabat
994 2845 1108 2916 elingere
1118 2845 1256 2910 volentem,
1266 2844 1332 2916 pilos
1343 2845 1395 2896 ‹le-

344 2942 368 2977 s.
381 2923 431 2983 Et,
442 2944 491 2991 per
505 2936 594 2995 pectus
612 2932 638 2977 et
655 2926 759 2989 clunes,
773 2936 823 2977 ete.
870 2917 972 2991 stringit
985 2932 1028 2971 aut
1036 2920 1136 2994 penitus
1147 2921 1239 2974 evellit·
1250 2922 1291 2974 cf.
1303 2922 1393 2994 Epist.

311 3000 355 3053 Sic
375 3001 552 3074 percommode
567 3002 606 3054 ed.
620 3000 656 3053 R.
672 3000 713 3053 eui
731 3020 823 3054 nuen-
871 3010 942 3061 xer,
958 2997 988 3050 18
1001 3018 1055 3069 sqq.
1069 2998 1158 3052 null.

309 3077 407 3130 liuntur
420 3098 465 3133 rue.
477 3096 498 3131 c.
512 3091 536 3130 et
551 3079 590 3132 ed.
604 3081 639 3131 A.
652 3078 702 3131 nisi
715 3079 786 3149 quod
797 3090 823 3131 et
903 3076 927 3128 6.
935 3077 1114 3142 Retritispr’le's
1124 3118 1131 3139 ,
1142 3089 1187 3132 etc.
1195 3076 1368 3131 Proberiboe
1383 3117 1393 3143 ,

309 3156 436 3209 omittant.
448 3156 533 3229 Vulgo
546 3157 604 3210 due
619 3175 694 3210 voces
704 3166 729 3210 et
739 3168 764 3208 et
773 3175 823 3226 per
870 3154 938 3221 quod
949 3154 1019 3207 (ledit
1030 3153 1072 3205 ed.
1084 3154 1120 3206 R.
1138 3174 1196 3208 curn
1208 3175 1254 3207 ms.
1266 3155 1394 3209 Pelsec.

310 3234 490 3287 desiderentur.
503 3233 585 3288 Scire.
870 3243 894 3283 et
899 3230 1103 3285 eliis.Restrr'ctr's
1108 3234 1191 3284 ursui.
1200 3243 1226 3285 et
1233 3232 1274 3285 ed.
1283 3233 1391 3285 Erasm.

342 3311 365 3364 3.
376 3314 412 3364 In
424 3314 575 3366 muliebrem
585 3312 692 3364 modum
702 3322 819 3364 omem.
869 3309 1006 3361 uestrum
1019 3314 1062 3361 vel
1073 3311 1153 3361 retitis
1162 3310 1220 3376 (sic)
1230 3328 1277 3361 ms.
1288 3330 1310 3362 c.
1322 3310 1393 3363 De-

308 3389 405 3465 Lipsius
413 3402 477 3444 recte
486 3380 641 3443 z'eorostuset
651 3388 678 3441 in
686 3402 753 3442 veste
761 3388 819 3441 lou·
869 3390 966 3439 strictis
978 3386 1057 3461 vulgo
1070 3408 1099 3439 es
1108 3388 1202 3440 Mureti
1214 3388 1330 3459 iugenio.
1342 3388 1377 3441 S.

308 3487 356 3541 ge,
369 3468 484 3539 idemque
494 3466 672 3520 calamistratus
685 3479 709 3519 et
719 3478 819 3519 comtu-
902 3485 925 3528 7.
944 3464 1019 3517 Inter
1033 3466 1189 3518 ebn'etatem.
1211 3465 1283 3519 Dicit
1301 3479 1391 3518 totam

307 3544 355 3597 lus.
368 3545 486 3618 Appulei.
501 3546 606 3599 Metam.
625 3546 662 3609 ll,
675 3556 731 3617 post
750 3544 818 3595 rued.
867 3556 967 3595 noctem
980 3544 1098 3617 vigilare,
1105 3544 1149 3595 sed
1160 3542 1256 3617 penitis
1263 3544 1390 3599 ministe-

306 3642 331 3694 p.
346 3622 408 3688 123,
420 3625 435 3676 8
449 3622 639 3675 elmenhorst:
653 3620 749 3673 scitule
766 3620 819 3672 mi·
866 3618 917 3671 riis.
924 3620 1141 3689 Priorempsrtem
1151 3622 1390 3688 inconnivioesse,

307 3698 441 3755 nistrsntes
455 3700 544 3774 pueri,
565 3698 741 3762 calamistrati,
760 3698 817 3771 pul·
866 3697 1388 3771 ebriodominocyathisssoterntaltersm

305 3776 365 3831 chre
378 3778 498 3831 indusiati
510 3777 657 3845 (indusium
669 3788 754 3829 sutem
764 3788 817 3828 eret
865 3775 977 3838 inlecto,
995 3776 1079 3828 virum
1093 3776 1131 3829 illi
1142 3790 1263 3850 egentem.
1275 3780 1310 3831 Et
1318 3781 1391 3835 teies

304 3854 413 3908 internis
426 3855 576 3908 feminarum
591 3853 659 3906 lines
671 3852 816 3925 byssinave.
864 3877 955 3931 nempe
963 3856 1070 3930 grandes
1076 3858 1118 3912 isti
1125 3860 1205 3934 pueri,
1218 3880 1282 3933 quos
1291 3861 1390 3914 Achil-

305 3934 412 3989 Sslmes.
424 3934 457 3986 ad
469 3934 570 4008 Scriptt.
583 3934 648 3985 llist.
660 3936 728 4007 Aug.
737 3933 769 3985 Τ.
786 3934 813 3997 l,
864 3936 899 3987 les
912 3936 1067 4004 vocitabant,
1081 3949 1107 3989 et
1118 3937 1145 3989 in
1158 3950 1290 4009 utromque
1300 3958 1390 3994 verre-

303 4034 327 4087 P·
341 4016 411 4087 97²l·
421 4010 507 4066 M·
863 4034 918 4067 rem
929 4014 1063 4068 habebunt.
1078 4014 1152 4085 lips.

335 4092 359 4159 4.
371 4089 542 4153 Iletmbitur,
557 4088 612 4143 scil.
626 4088 654 4140 in
671 4087 814 4162 pueritiam.
896 4092 976 4143 8.1rs
997 4093 1113 4145 convictis.
1132 4092 1176 4144 Sic
1197 4090 1239 4143 ed.
1259 4091 1297 4144 Il.
1317 4114 1383 4145 eum

302 4166 371 4221 Olim
383 4168 431 4221 sed
441 4168 596 4223 rerrabirnr:
604 4166 812 4239 conjunctionem
862 4188 908 4222 ms.
919 4188 940 4223 c.
950 4170 1069 4243 Vulgetoe
1077 4182 1103 4224 et
1114 4173 1142 4223 in
1153 4174 1247 4224 nmio.
1259 4170 1345 4225 scen.
