<?xml version="1.0" encoding="UTF-8"?>
<!DOCTYPE html PUBLIC "-//W3C//DTD XHTML 1.0 Transitional//EN"
    "http://www.w3.org/TR/xhtml1/DTD/xhtml1-transitional.dtd">
<html xmlns="http://www.w3.org/1999/xhtml" xml:lang="en" lang="en">
 <head>
  <title>
</title>
<meta http-equiv="Content-Type" content="text/html;charset=utf-8" />
  <meta name='ocr-system' content='tesseract 3.04.00' />
  <meta name='ocr-capabilities' content='ocr_page ocr_carea ocr_par ocr_line ocrx_word'/>
</head>
<body>
  <div class='ocr_page' id='page_1' title='image "./lannsenecparspr03bouigoog_0301.png"; bbox 0 0 2975 4992; ppageno 0'>
   <div class='ocr_carea' id='block_1_1' title="bbox 419 464 1144 565">
    <p class='ocr_par' dir='ltr' id='par_1_1' title="bbox 419 464 1144 565">
     <span class='ocr_line' id='line_1_1' title="bbox 419 464 1144 565; baseline 0.001 -30"><span class='ocrx_word' id='word_1_1' title='bbox 419 464 688 537; x_wconf 78' lang='lat' dir='ltr'><strong>uetsroos</strong></span> <span class='ocrx_word' id='word_1_2' title='bbox 711 466 855 539; x_wconf 79' lang='lat' dir='ltr'><strong>xnvr.</strong></span> <span class='ocrx_word' id='word_1_3' title='bbox 1075 470 1144 565; x_wconf 75' lang='lat'><strong>²87</strong></span> 
     </span>
    </p>
   </div>
   <div class='ocr_carea' id='block_1_2' title="bbox 74 594 1187 925">
    <p class='ocr_par' dir='ltr' id='par_1_2' title="bbox 74 594 1187 925">
     <span class='ocr_line' id='line_1_2' title="bbox 77 594 1145 683; baseline -0.003 -14"><span class='ocrx_word' id='word_1_4' title='bbox 77 596 266 679; x_wconf 73' lang='lat' dir='ltr'><strong>nviuhau,</strong></span> <span class='ocrx_word' id='word_1_5' title='bbox 281 596 387 667; x_wconf 85' lang='lat' dir='ltr'><strong>iames</strong></span> <span class='ocrx_word' id='word_1_6' title='bbox 396 594 620 679; x_wconf 87' lang='lat' dir='ltr'><strong>admonebat,</strong></span> <span class='ocrx_word' id='word_1_7' title='bbox 633 594 743 666; x_wconf 87' lang='lat' dir='ltr'><strong>nubes</strong></span> <span class='ocrx_word' id='word_1_8' title='bbox 756 594 997 665; x_wconf 83' lang='lat' dir='ltr'><strong>minabantur²</strong></span> <span class='ocrx_word' id='word_1_9' title='bbox 1009 622 1019 683; x_wconf 81' lang='lat'>3</span> <span class='ocrx_word' id='word_1_10' title='bbox 1031 610 1145 666; x_wconf 71' lang='lat' dir='ltr'><strong>umen</strong></span> 
     </span>
     <span class='ocr_line' id='line_1_3' title="bbox 74 706 1187 807; baseline -0.001 -23"><span class='ocrx_word' id='word_1_11' title='bbox 74 716 204 785; x_wconf 76' lang='lat' dir='ltr'>exhausi</span> <span class='ocrx_word' id='word_1_12' title='bbox 222 729 341 784; x_wconf 91' lang='lat' dir='ltr'><strong>totum.</strong></span> <span class='ocrx_word' id='word_1_13' title='bbox 354 714 434 781; x_wconf 85' lang='lat' dir='ltr'><strong>Non</strong></span> <span class='ocrx_word' id='word_1_14' title='bbox 447 706 599 782; x_wconf 78' lang='lat' dir='ltr'><strong>tantum⁵</strong></span> <span class='ocrx_word' id='word_1_15' title='bbox 612 710 820 793; x_wconf 83' lang='lat' dir='ltr'><strong>delectatus,</strong></span> <span class='ocrx_word' id='word_1_16' title='bbox 837 710 897 782; x_wconf 88' lang='lat' dir='ltr'><strong>sed</strong></span> <span class='ocrx_word' id='word_1_17' title='bbox 910 713 1045 807; x_wconf 78' lang='lat' dir='ltr'><strong>gavisus</strong></span> <span class='ocrx_word' id='word_1_18' title='bbox 1055 738 1143 783; x_wconf 90' lang='lat' dir='ltr'><strong>sum.</strong></span> <span class='ocrx_word' id='word_1_19' title='bbox 1172 736 1187 770; x_wconf 80' lang='lat'>²</span> 
     </span>
     <span class='ocr_line' id='line_1_4' title="bbox 78 816 1147 925; baseline 0.002 -28"><span class='ocrx_word' id='word_1_20' title='bbox 78 827 161 925; x_wconf 85' lang='lat' dir='ltr'><strong>Quid</strong></span> <span class='ocrx_word' id='word_1_21' title='bbox 174 829 311 925; x_wconf 76' lang='lat' dir='ltr'><strong>ingenii</strong></span> <span class='ocrx_word' id='word_1_22' title='bbox 324 829 389 898; x_wconf 90' lang='lat' dir='ltr'><strong>iste</strong></span> <span class='ocrx_word' id='word_1_23' title='bbox 401 827 539 913; x_wconf 90' lang='lat' dir='ltr'><strong>babuit,</strong></span> <span class='ocrx_word' id='word_1_24' title='bbox 555 827 641 923; x_wconf 90' lang='lat' dir='ltr'><strong>quid</strong></span> <span class='ocrx_word' id='word_1_25' title='bbox 653 825 777 898; x_wconf 89' lang='lat' dir='ltr'><strong>animi!</strong></span> <span class='ocrx_word' id='word_1_26' title='bbox 794 827 964 917; x_wconf 89' lang='lat' dir='ltr'><strong>dicerem,</strong></span> <span class='ocrx_word' id='word_1_27' title='bbox 981 828 1067 923; x_wconf 90' lang='lat' dir='ltr'><strong>quid</strong></span> <span class='ocrx_word' id='word_1_28' title='bbox 1079 816 1147 899; x_wconf 84' lang='lat' dir='ltr'><strong>im-</strong></span> 
     </span>
    </p>
   </div>
   <div class='ocr_carea' id='block_1_3' title="bbox 72 940 1263 2301">
    <p class='ocr_par' dir='ltr' id='par_1_3' title="bbox 72 940 1263 2301">
     <span class='ocr_line' id='line_1_5' title="bbox 77 940 1146 1041; baseline 0.001 -26"><span class='ocrx_word' id='word_1_29' title='bbox 77 940 212 1041; x_wconf 63' lang='lat' dir='ltr'><strong>petusll</strong></span> <span class='ocrx_word' id='word_1_30' title='bbox 229 946 259 1015; x_wconf 88' lang='lat' dir='ltr'><strong>ai</strong></span> <span class='ocrx_word' id='word_1_31' title='bbox 273 944 571 1037; x_wconf 70' lang='lat' dir='ltr'><strong>interquievisset,</strong></span> <span class='ocrx_word' id='word_1_32' title='bbox 584 944 613 1014; x_wconf 85' lang='lat' dir='ltr'><strong>si</strong></span> <span class='ocrx_word' id='word_1_33' title='bbox 627 944 808 1014; x_wconf 81' lang='lat' dir='ltr'><strong>intervallo</strong></span> <span class='ocrx_word' id='word_1_34' title='bbox 824 943 1146 1017; x_wconf 83' lang='lat' dir='ltr'><strong>surrexisset.ch</strong></span> 
     </span>
     <span class='ocr_line' id='line_1_6' title="bbox 74 1054 1143 1157; baseline 0 -24"><span class='ocrx_word' id='word_1_35' title='bbox 74 1089 130 1133; x_wconf 90' lang='lat' dir='ltr'><strong>uon</strong></span> <span class='ocrx_word' id='word_1_36' title='bbox 143 1064 215 1133; x_wconf 81' lang='lat' dir='ltr'><strong>fuit</strong></span> <span class='ocrx_word' id='word_1_37' title='bbox 226 1064 388 1157; x_wconf 82' lang='lat' dir='ltr'><strong>impetus,</strong></span> <span class='ocrx_word' id='word_1_38' title='bbox 405 1059 466 1129; x_wconf 87' lang='lat' dir='ltr'><strong>aed</strong></span> <span class='ocrx_word' id='word_1_39' title='bbox 479 1075 577 1131; x_wconf 90' lang='lat' dir='ltr'><strong>tenor</strong></span> <span class='ocrx_word' id='word_1_40' title='bbox 590 1089 599 1149; x_wconf 78' lang='lat'>3</span> <span class='ocrx_word' id='word_1_41' title='bbox 613 1062 813 1155; x_wconf 72' lang='lat' dir='ltr'><strong>compositio</strong></span> <span class='ocrx_word' id='word_1_42' title='bbox 823 1060 933 1131; x_wconf 87' lang='lat' dir='ltr'><strong>ririlis</strong></span> <span class='ocrx_word' id='word_1_43' title='bbox 946 1076 981 1131; x_wconf 90' lang='lat' dir='ltr'><strong>et</strong></span> <span class='ocrx_word' id='word_1_44' title='bbox 994 1054 1143 1133; x_wconf 61' lang='lat' dir='ltr'><strong>&#39;sanem</strong></span> 
     </span>
     <span class='ocr_line' id='line_1_7' title="bbox 75 1168 1147 1262; baseline 0.002 -13"><span class='ocrx_word' id='word_1_45' title='bbox 75 1179 299 1249; x_wconf 76' lang='lat' dir='ltr'><strong>Nihilominus</strong></span> <span class='ocrx_word' id='word_1_46' title='bbox 309 1176 558 1249; x_wconf 80' lang='lat' dir='ltr'><strong>interveniebat</strong></span> <span class='ocrx_word' id='word_1_47' title='bbox 568 1168 688 1246; x_wconf 77' lang='lat' dir='ltr'><strong>dulee⁶</strong></span> <span class='ocrx_word' id='word_1_48' title='bbox 699 1174 799 1262; x_wconf 89' lang='lat' dir='ltr'><strong>illud,</strong></span> <span class='ocrx_word' id='word_1_49' title='bbox 809 1175 1147 1251; x_wconf 87' lang='lat' dir='ltr'><strong>etlocolene.Gran-</strong></span> 
     </span>
     <span class='ocr_line' id='line_1_8' title="bbox 72 1290 1147 1387; baseline 0 -24"><span class='ocrx_word' id='word_1_50' title='bbox 72 1293 149 1379; x_wconf 73' lang='lat' dir='ltr'><strong>disl,</strong></span> <span class='ocrx_word' id='word_1_51' title='bbox 163 1308 303 1363; x_wconf 86' lang='lat' dir='ltr'><strong>erectus</strong></span> <span class='ocrx_word' id='word_1_52' title='bbox 313 1316 372 1361; x_wconf 83' lang='lat' dir='ltr'><strong>es:</strong></span> <span class='ocrx_word' id='word_1_53' title='bbox 388 1290 499 1361; x_wconf 90' lang='lat' dir='ltr'><strong>boote</strong></span> <span class='ocrx_word' id='word_1_54' title='bbox 512 1290 588 1362; x_wconf 82' lang='lat' dir='ltr'><strong>volo</strong></span> <span class='ocrx_word' id='word_1_55' title='bbox 603 1305 739 1375; x_wconf 87' lang='lat' dir='ltr'><strong>tenere,</strong></span> <span class='ocrx_word' id='word_1_56' title='bbox 756 1292 807 1361; x_wconf 88' lang='lat' dir='ltr'><strong>sie</strong></span> <span class='ocrx_word' id='word_1_57' title='bbox 817 1292 881 1361; x_wconf 87' lang='lat' dir='ltr'><strong>ire.</strong></span> <span class='ocrx_word' id='word_1_58' title='bbox 895 1292 993 1363; x_wconf 85' lang='lat' dir='ltr'><strong>Fecit</strong></span> <span class='ocrx_word' id='word_1_59' title='bbox 1010 1292 1147 1387; x_wconf 87' lang='lat' dir='ltr'><strong>aliquid</strong></span> 
     </span>
     <span class='ocr_line' id='line_1_9' title="bbox 74 1405 1147 1507; baseline 0.002 -28"><span class='ocrx_word' id='word_1_60' title='bbox 74 1428 103 1479; x_wconf 89' lang='lat' dir='ltr'><strong>et</strong></span> <span class='ocrx_word' id='word_1_61' title='bbox 118 1410 265 1479; x_wconf 89' lang='lat' dir='ltr'><strong>materia</strong></span> <span class='ocrx_word' id='word_1_62' title='bbox 283 1434 292 1477; x_wconf 74' lang='lat' dir='ltr'><strong>e</strong></span> <span class='ocrx_word' id='word_1_63' title='bbox 315 1406 396 1477; x_wconf 90' lang='lat' dir='ltr'><strong>ideo</strong></span> <span class='ocrx_word' id='word_1_64' title='bbox 418 1405 576 1501; x_wconf 79' lang='lat' dir='ltr'><strong>eligenda</strong></span> <span class='ocrx_word' id='word_1_65' title='bbox 594 1422 646 1477; x_wconf 90' lang='lat' dir='ltr'><strong>est</strong></span> <span class='ocrx_word' id='word_1_66' title='bbox 663 1408 807 1493; x_wconf 79' lang='lat' dir='ltr'><strong>fertilis,</strong></span> <span class='ocrx_word' id='word_1_67' title='bbox 824 1432 901 1503; x_wconf 78' lang='lat' dir='ltr'><strong>quas</strong></span> <span class='ocrx_word' id='word_1_68' title='bbox 921 1413 1034 1507; x_wconf 84' lang='lat' dir='ltr'><strong>cupiat</strong></span> <span class='ocrx_word' id='word_1_69' title='bbox 1046 1413 1147 1507; x_wconf 80' lang='lat' dir='ltr'><strong>inge-</strong></span> 
     </span>
     <span class='ocr_line' id='line_1_10' title="bbox 75 1522 1188 1618; baseline 0.004 -25"><span class='ocrx_word' id='word_1_70' title='bbox 75 1528 187 1609; x_wconf 88' lang='lat' dir='ltr'><strong>nium,</strong></span> <span class='ocrx_word' id='word_1_71' title='bbox 207 1547 285 1617; x_wconf 80' lang='lat' dir='ltr'><strong>quae</strong></span> <span class='ocrx_word' id='word_1_72' title='bbox 302 1524 435 1593; x_wconf 92' lang='lat' dir='ltr'><strong>incitet.</strong></span> <span class='ocrx_word' id='word_1_73' title='bbox 452 1524 504 1593; x_wconf 88' lang='lat' dir='ltr'><strong>De</strong></span> <span class='ocrx_word' id='word_1_74' title='bbox 518 1522 607 1591; x_wconf 91' lang='lat' dir='ltr'><strong>libro</strong></span> <span class='ocrx_word' id='word_1_75' title='bbox 621 1535 679 1593; x_wconf 92' lang='lat' dir='ltr'><strong>tuo</strong></span> <span class='ocrx_word' id='word_1_76' title='bbox 692 1522 793 1618; x_wconf 91' lang='lat' dir='ltr'><strong>plura</strong></span> <span class='ocrx_word' id='word_1_77' title='bbox 804 1524 974 1610; x_wconf 87' lang='lat' dir='ltr'><strong>scribam,</strong></span> <span class='ocrx_word' id='word_1_78' title='bbox 989 1549 1095 1618; x_wconf 90' lang='lat' dir='ltr'><strong>quum</strong></span> <span class='ocrx_word' id='word_1_79' title='bbox 1107 1526 1147 1595; x_wconf 94' lang='lat' dir='ltr'><strong>il·</strong></span> <span class='ocrx_word' id='word_1_80' title='bbox 1170 1544 1188 1598; x_wconf 80' lang='lat' dir='ltr'><strong>t</strong></span> 
     </span>
     <span class='ocr_line' id='line_1_11' title="bbox 76 1635 1148 1731; baseline 0.001 -24"><span class='ocrx_word' id='word_1_81' title='bbox 76 1639 138 1709; x_wconf 91' lang='lat' dir='ltr'><strong>lum</strong></span> <span class='ocrx_word' id='word_1_82' title='bbox 150 1652 386 1709; x_wconf 79' lang='lat' dir='ltr'><strong>retractavero</strong></span> <span class='ocrx_word' id='word_1_83' title='bbox 402 1662 411 1704; x_wconf 75' lang='grc' dir='ltr'><strong>ι</strong></span> <span class='ocrx_word' id='word_1_84' title='bbox 425 1660 517 1705; x_wconf 89' lang='lat' dir='ltr'><strong>nuuc</strong></span> <span class='ocrx_word' id='word_1_85' title='bbox 529 1660 651 1731; x_wconf 91' lang='lat' dir='ltr'><strong>parum</strong></span> <span class='ocrx_word' id='word_1_86' title='bbox 663 1636 748 1706; x_wconf 91' lang='lat' dir='ltr'><strong>mibi</strong></span> <span class='ocrx_word' id='word_1_87' title='bbox 759 1635 856 1707; x_wconf 81' lang='lat' dir='ltr'><strong>sedet</strong></span> <span class='ocrx_word' id='word_1_88' title='bbox 869 1636 1058 1731; x_wconf 87' lang='lat' dir='ltr'><strong>judicium,</strong></span> <span class='ocrx_word' id='word_1_89' title='bbox 1074 1654 1148 1709; x_wconf 90' lang='lat' dir='ltr'><strong>tan·</strong></span> 
     </span>
     <span class='ocr_line' id='line_1_12' title="bbox 75 1752 1141 1849; baseline 0 -26"><span class='ocrx_word' id='word_1_90' title='bbox 75 1780 168 1847; x_wconf 85' lang='lat' dir='ltr'><strong>quam</strong></span> <span class='ocrx_word' id='word_1_91' title='bbox 186 1752 360 1823; x_wconf 83' lang='lat' dir='ltr'><strong>audierim</strong></span> <span class='ocrx_word' id='word_1_92' title='bbox 377 1752 455 1837; x_wconf 88' lang='lat' dir='ltr'><strong>illa,</strong></span> <span class='ocrx_word' id='word_1_93' title='bbox 474 1776 544 1823; x_wconf 93' lang='lat' dir='ltr'><strong>non</strong></span> <span class='ocrx_word' id='word_1_94' title='bbox 557 1752 712 1849; x_wconf 80' lang='lat' dir='ltr'><strong>legerim.</strong></span> <span class='ocrx_word' id='word_1_95' title='bbox 733 1754 814 1823; x_wconf 89' lang='lat' dir='ltr'><strong>Sine</strong></span> <span class='ocrx_word' id='word_1_96' title='bbox 832 1776 886 1823; x_wconf 86' lang='lat' dir='ltr'><strong>ms</strong></span> <span class='ocrx_word' id='word_1_97' title='bbox 904 1769 938 1825; x_wconf 90' lang='lat' dir='ltr'><strong>et</strong></span> <span class='ocrx_word' id='word_1_98' title='bbox 952 1756 1141 1847; x_wconf 84' lang='lat' dir='ltr'><strong>inquirere.</strong></span> 
     </span>
     <span class='ocr_line' id='line_1_13' title="bbox 73 1868 1148 1963; baseline 0.002 -24"><span class='ocrx_word' id='word_1_99' title='bbox 73 1874 141 1939; x_wconf 87' lang='lat' dir='ltr'><strong>Non</strong></span> <span class='ocrx_word' id='word_1_100' title='bbox 160 1887 217 1941; x_wconf 84' lang='lat' dir='ltr'><strong>eat</strong></span> <span class='ocrx_word' id='word_1_101' title='bbox 232 1868 328 1963; x_wconf 92' lang='lat' dir='ltr'><strong>quod</strong></span> <span class='ocrx_word' id='word_1_102' title='bbox 343 1870 516 1957; x_wconf 80' lang='lat' dir='ltr'><strong>verearis3</strong></span> <span class='ocrx_word' id='word_1_103' title='bbox 535 1893 654 1939; x_wconf 86' lang='lat' dir='ltr'><strong>verum</strong></span> <span class='ocrx_word' id='word_1_104' title='bbox 671 1868 800 1939; x_wconf 84' lang='lat' dir='ltr'><strong>audies.</strong></span> <span class='ocrx_word' id='word_1_105' title='bbox 811 1870 845 1941; x_wconf 94' lang='grc' dir='ltr'>Ο</span> <span class='ocrx_word' id='word_1_106' title='bbox 857 1884 891 1940; x_wconf 91' lang='lat' dir='ltr'><strong>te</strong></span> <span class='ocrx_word' id='word_1_107' title='bbox 907 1870 1080 1941; x_wconf 87' lang='lat' dir='ltr'><strong>bominem</strong></span> <span class='ocrx_word' id='word_1_108' title='bbox 1094 1870 1148 1941; x_wconf 89' lang='lat' dir='ltr'><strong>le-</strong></span> 
     </span>
     <span class='ocr_line' id='line_1_14' title="bbox 72 1980 1263 2083; baseline 0.002 -31"><span class='ocrx_word' id='word_1_109' title='bbox 72 1985 183 2068; x_wconf 88' lang='lat' dir='ltr'><strong>licem,</strong></span> <span class='ocrx_word' id='word_1_110' title='bbox 197 1982 295 2079; x_wconf 92' lang='lat' dir='ltr'><strong>quod</strong></span> <span class='ocrx_word' id='word_1_111' title='bbox 304 1982 392 2053; x_wconf 89' lang='lat' dir='ltr'><strong>nibil</strong></span> <span class='ocrx_word' id='word_1_112' title='bbox 400 1982 508 2053; x_wconf 84' lang='lat' dir='ltr'><strong>babes</strong></span> <span class='ocrx_word' id='word_1_113' title='bbox 521 2035 532 2069; x_wconf 88' lang='lat'>‚</span> <span class='ocrx_word' id='word_1_114' title='bbox 548 1980 797 2079; x_wconf 89' lang='lat' dir='ltr'><strong>propterquod</strong></span> <span class='ocrx_word' id='word_1_115' title='bbox 810 1986 989 2079; x_wconf 85' lang='lat' dir='ltr'><strong>quisquam</strong></span> <span class='ocrx_word' id='word_1_116' title='bbox 1001 1985 1064 2054; x_wconf 89' lang='lat' dir='ltr'><strong>tibi</strong></span> <span class='ocrx_word' id='word_1_117' title='bbox 1077 2001 1146 2054; x_wconf 90' lang='lat' dir='ltr'><strong>tam</strong></span> <span class='ocrx_word' id='word_1_118' title='bbox 1256 2066 1263 2083; x_wconf 37' lang='grc' dir='ltr'><em>Ι</em></span> 
     </span>
     <span class='ocr_line' id='line_1_15' title="bbox 73 2091 1148 2195; baseline 0.003 -28"><span class='ocrx_word' id='word_1_119' title='bbox 73 2091 194 2195; x_wconf 80' lang='lat' dir='ltr'><strong>longe⁸</strong></span> <span class='ocrx_word' id='word_1_120' title='bbox 215 2096 424 2169; x_wconf 85' lang='lat' dir='ltr'><strong>mentiatur!</strong></span> <span class='ocrx_word' id='word_1_121' title='bbox 449 2100 515 2169; x_wconf 88' lang='lat' dir='ltr'><strong>nisi</strong></span> <span class='ocrx_word' id='word_1_122' title='bbox 536 2098 630 2193; x_wconf 90' lang='lat' dir='ltr'><strong>quod</strong></span> <span class='ocrx_word' id='word_1_123' title='bbox 647 2100 754 2195; x_wconf 64' lang='lat' dir='ltr'><strong>jaml,</strong></span> <span class='ocrx_word' id='word_1_124' title='bbox 774 2102 876 2169; x_wconf 82' lang='lat' dir='ltr'><strong>etiam</strong></span> <span class='ocrx_word' id='word_1_125' title='bbox 892 2100 953 2170; x_wconf 90' lang='lat' dir='ltr'><strong>ubi</strong></span> <span class='ocrx_word' id='word_1_126' title='bbox 966 2124 1068 2172; x_wconf 86' lang='lat' dir='ltr'><strong>causa</strong></span> <span class='ocrx_word' id='word_1_127' title='bbox 1083 2126 1148 2171; x_wconf 88' lang='lat' dir='ltr'><strong>su-</strong></span> 
     </span>
     <span class='ocr_line' id='line_1_16' title="bbox 72 2214 972 2301; baseline 0.002 -16"><span class='ocrx_word' id='word_1_128' title='bbox 72 2216 155 2286; x_wconf 84' lang='lat' dir='ltr'><strong>blata</strong></span> <span class='ocrx_word' id='word_1_129' title='bbox 173 2232 249 2301; x_wconf 89' lang='lat' dir='ltr'><strong>est,</strong></span> <span class='ocrx_word' id='word_1_130' title='bbox 266 2217 453 2287; x_wconf 87' lang='lat' dir='ltr'><strong>mentimur</strong></span> <span class='ocrx_word' id='word_1_131' title='bbox 471 2214 729 2287; x_wconf 87' lang='lat' dir='ltr'><strong>consuetudinis</strong></span> <span class='ocrx_word' id='word_1_132' title='bbox 745 2240 858 2287; x_wconf 87' lang='lat' dir='ltr'><strong>causa.</strong></span> <span class='ocrx_word' id='word_1_133' title='bbox 875 2216 972 2287; x_wconf 82' lang='lat' dir='ltr'><strong>Vale.</strong></span> 
     </span>
    </p>
   </div>
   <div class='ocr_carea' id='block_1_4' title="bbox 73 2411 1150 4211">
    <p class='ocr_par' dir='ltr' id='par_1_4' title="bbox 73 2411 1150 4211">
     <span class='ocr_line' id='line_1_17' title="bbox 74 2411 1146 2487; baseline 0.004 -22"><span class='ocrx_word' id='word_1_134' title='bbox 74 2412 224 2485; x_wconf 70' lang='lat' dir='ltr'><strong>ricitpmter</strong></span> <span class='ocrx_word' id='word_1_135' title='bbox 235 2411 587 2487; x_wconf 67' lang='lat' dir='ltr'><strong>Cbrysippumdlicghert.</strong></span> <span class='ocrx_word' id='word_1_136' title='bbox 670 2412 1057 2470; x_wconf 72' lang='lat' dir='ltr'><strong>5.Du1ee....1em.1&gt;iotuetum</strong></span> <span class='ocrx_word' id='word_1_137' title='bbox 1069 2414 1146 2469; x_wconf 85' lang='lat' dir='ltr'><strong>fnisse</strong></span> 
     </span>
     <span class='ocr_line' id='line_1_18' title="bbox 75 2490 1146 2568; baseline 0.005 -24"><span class='ocrx_word' id='word_1_138' title='bbox 75 2492 160 2559; x_wconf 59' lang='lat' dir='ltr'><strong>Lab.</strong></span> <span class='ocrx_word' id='word_1_139' title='bbox 183 2492 261 2545; x_wconf 85' lang='lat' dir='ltr'><strong>Duos</strong></span> <span class='ocrx_word' id='word_1_140' title='bbox 282 2504 368 2545; x_wconf 80' lang='lat' dir='ltr'><strong>autent</strong></span> <span class='ocrx_word' id='word_1_141' title='bbox 389 2492 436 2545; x_wconf 91' lang='lat' dir='ltr'><strong>boa</strong></span> <span class='ocrx_word' id='word_1_142' title='bbox 457 2491 588 2566; x_wconf 82' lang='lat' dir='ltr'><strong>scriptores</strong></span> <span class='ocrx_word' id='word_1_143' title='bbox 637 2490 732 2547; x_wconf 89' lang='lat' dir='ltr'><strong>iudicat</strong></span> <span class='ocrx_word' id='word_1_144' title='bbox 739 2514 881 2549; x_wconf 85' lang='lat' dir='ltr'><strong>sermonem</strong></span> <span class='ocrx_word' id='word_1_145' title='bbox 892 2494 992 2549; x_wconf 83' lang='lat' dir='ltr'><strong>virilem</strong></span> <span class='ocrx_word' id='word_1_146' title='bbox 1006 2509 1031 2549; x_wconf 89' lang='lat' dir='ltr'><strong>et</strong></span> <span class='ocrx_word' id='word_1_147' title='bbox 1040 2515 1146 2568; x_wconf 68' lang='lat' dir='ltr'><strong>gravem</strong></span> 
     </span>
     <span class='ocr_line' id='line_1_19' title="bbox 75 2571 1147 2645; baseline 0.003 -20"><span class='ocrx_word' id='word_1_148' title='bbox 75 2572 215 2625; x_wconf 87' lang='lat' dir='ltr'><strong>noasolum</strong></span> <span class='ocrx_word' id='word_1_149' title='bbox 223 2571 317 2634; x_wconf 81' lang='lat' dir='ltr'><strong>multa,</strong></span> <span class='ocrx_word' id='word_1_150' title='bbox 328 2572 372 2624; x_wconf 86' lang='lat' dir='ltr'><strong>sed</strong></span> <span class='ocrx_word' id='word_1_151' title='bbox 383 2590 476 2641; x_wconf 69' lang='lat' dir='ltr'><strong>magna</strong></span> <span class='ocrx_word' id='word_1_152' title='bbox 486 2586 588 2641; x_wconf 82' lang='lat' dir='ltr'><strong>quoque</strong></span> <span class='ocrx_word' id='word_1_153' title='bbox 636 2584 766 2625; x_wconf 84' lang='lat' dir='ltr'><strong>venustate</strong></span> <span class='ocrx_word' id='word_1_154' title='bbox 779 2585 803 2626; x_wconf 90' lang='lat' dir='ltr'><strong>et</strong></span> <span class='ocrx_word' id='word_1_155' title='bbox 820 2572 941 2627; x_wconf 79' lang='lat' dir='ltr'><strong>suavitate</strong></span> <span class='ocrx_word' id='word_1_156' title='bbox 952 2572 1061 2645; x_wconf 81' lang='lat' dir='ltr'><strong>quadam</strong></span> <span class='ocrx_word' id='word_1_157' title='bbox 1081 2574 1147 2628; x_wconf 87' lang='lat' dir='ltr'><strong>ima·</strong></span> 
     </span>
     <span class='ocr_line' id='line_1_20' title="bbox 73 2648 1145 2723; baseline 0.005 -22"><span class='ocrx_word' id='word_1_158' title='bbox 73 2652 198 2705; x_wconf 73' lang='lat' dir='ltr'><strong>sahmina</strong></span> <span class='ocrx_word' id='word_1_159' title='bbox 212 2650 387 2723; x_wconf 65' lang='lat' dir='ltr'><strong>composuisse</strong></span> <span class='ocrx_word' id='word_1_160' title='bbox 401 2662 506 2703; x_wconf 80' lang='lat' dir='ltr'><strong>constat.</strong></span> <span class='ocrx_word' id='word_1_161' title='bbox 520 2648 555 2702; x_wconf 82' lang='lat' dir='ltr'><strong>lt</strong></span> <span class='ocrx_word' id='word_1_162' title='bbox 636 2648 725 2721; x_wconf 67' lang='lat' dir='ltr'><strong>pinum</strong></span> <span class='ocrx_word' id='word_1_163' title='bbox 745 2662 769 2703; x_wconf 88' lang='lat' dir='ltr'><strong>et</strong></span> <span class='ocrx_word' id='word_1_164' title='bbox 786 2650 959 2705; x_wconf 84' lang='lat' dir='ltr'><strong>narrationum</strong></span> <span class='ocrx_word' id='word_1_165' title='bbox 975 2652 1009 2705; x_wconf 77' lang='lat' dir='ltr'><strong>ad</strong></span> <span class='ocrx_word' id='word_1_166' title='bbox 1025 2652 1145 2707; x_wconf 80' lang='lat' dir='ltr'><strong>lectorem</strong></span> 
     </span>
     <span class='ocr_line' id='line_1_21' title="bbox 104 2725 1147 2803; baseline 0.002 -20"><span class='ocrx_word' id='word_1_167' title='bbox 104 2751 124 2783; x_wconf 87' lang='grc' dir='ltr'><strong>ι.</strong></span> <span class='ocrx_word' id='word_1_168' title='bbox 136 2730 186 2783; x_wconf 76' lang='lat' dir='ltr'><strong>Sol</strong></span> <span class='ocrx_word' id='word_1_169' title='bbox 195 2749 242 2783; x_wconf 85' lang='lat' dir='ltr'><strong>nse</strong></span> <span class='ocrx_word' id='word_1_170' title='bbox 258 2728 395 2783; x_wconf 57' lang='lat' dir='ltr'><strong>belabat.</strong></span> <span class='ocrx_word' id='word_1_171' title='bbox 407 2728 443 2779; x_wconf 91' lang='lat' dir='ltr'><strong>Ut</strong></span> <span class='ocrx_word' id='word_1_172' title='bbox 455 2726 535 2799; x_wconf 82' lang='lat' dir='ltr'><strong>posito</strong></span> <span class='ocrx_word' id='word_1_173' title='bbox 548 2725 586 2779; x_wconf 89' lang='lat' dir='ltr'><strong>li·</strong></span> <span class='ocrx_word' id='word_1_174' title='bbox 633 2727 743 2799; x_wconf 81' lang='lat' dir='ltr'><strong>jucundo</strong></span> <span class='ocrx_word' id='word_1_175' title='bbox 760 2727 924 2783; x_wconf 78' lang='lat' dir='ltr'><strong>alliciendum</strong></span> <span class='ocrx_word' id='word_1_176' title='bbox 939 2744 983 2785; x_wconf 82' lang='lat' dir='ltr'><strong>:at</strong></span> <span class='ocrx_word' id='word_1_177' title='bbox 1000 2742 1147 2803; x_wconf 81' lang='lat' dir='ltr'><strong>opportuno</strong></span> 
     </span>
     <span class='ocr_line' id='line_1_22' title="bbox 75 2804 1147 2883; baseline 0.005 -24"><span class='ocrx_word' id='word_1_178' title='bbox 75 2806 115 2859; x_wconf 83' lang='lat' dir='ltr'><strong>bro</strong></span> <span class='ocrx_word' id='word_1_179' title='bbox 125 2804 324 2869; x_wconf 79' lang='lat' dir='ltr'><strong>inambularem,</strong></span> <span class='ocrx_word' id='word_1_180' title='bbox 335 2804 585 2875; x_wconf 84' lang='lat' dir='ltr'><strong>insularemqusuu·</strong></span> <span class='ocrx_word' id='word_1_181' title='bbox 632 2808 687 2857; x_wconf 83' lang='lat' dir='ltr'><strong>loco</strong></span> <span class='ocrx_word' id='word_1_182' title='bbox 698 2804 748 2858; x_wconf 90' lang='lat' dir='ltr'><strong>boe</strong></span> <span class='ocrx_word' id='word_1_183' title='bbox 765 2808 852 2861; x_wconf 77' lang='lat' dir='ltr'><strong>lensi.</strong></span> <span class='ocrx_word' id='word_1_184' title='bbox 870 2828 892 2861; x_wconf 92' lang='lat' dir='ltr'><strong>e.</strong></span> <span class='ocrx_word' id='word_1_185' title='bbox 910 2808 993 2863; x_wconf 80' lang='lat' dir='ltr'><strong>sna&#39;ris</strong></span> <span class='ocrx_word' id='word_1_186' title='bbox 1009 2820 1085 2881; x_wconf 82' lang='lat' dir='ltr'><strong>atque</strong></span> <span class='ocrx_word' id='word_1_187' title='bbox 1099 2809 1147 2883; x_wconf 79' lang='lat' dir='ltr'><strong>ju-</strong></span> 
     </span>
     <span class='ocr_line' id='line_1_23' title="bbox 76 2880 1147 2960; baseline 0.007 -24"><span class='ocrx_word' id='word_1_188' title='bbox 76 2904 216 2957; x_wconf 75' lang='lat' dir='ltr'><strong>geremqoe.</strong></span> <span class='ocrx_word' id='word_1_189' title='bbox 229 2882 350 2953; x_wconf 74' lang='lat' dir='ltr'><strong>lipsius.</strong></span> <span class='ocrx_word' id='word_1_190' title='bbox 634 2880 719 2935; x_wconf 77' lang='lat' dir='ltr'><strong>cubela</strong></span> <span class='ocrx_word' id='word_1_191' title='bbox 731 2882 814 2936; x_wconf 89' lang='lat' dir='ltr'><strong>oratio</strong></span> <span class='ocrx_word' id='word_1_192' title='bbox 826 2882 1009 2951; x_wconf 78' lang='lat' dir='ltr'><strong>adhibebatur,</strong></span> <span class='ocrx_word' id='word_1_193' title='bbox 1022 2906 1080 2960; x_wconf 72' lang='lat' dir='ltr'><strong>que</strong></span> <span class='ocrx_word' id='word_1_194' title='bbox 1089 2908 1147 2943; x_wconf 90' lang='lat' dir='ltr'><strong>me-</strong></span> 
     </span>
     <span class='ocr_line' id='line_1_24' title="bbox 107 2960 1145 3035; baseline 0.006 -20"><span class='ocrx_word' id='word_1_195' title='bbox 107 2964 232 3017; x_wconf 61' lang='lat' dir='ltr'><strong>sNutes</strong></span> <span class='ocrx_word' id='word_1_196' title='bbox 245 2962 425 3015; x_wconf 62' lang='lat' dir='ltr'><strong>remeantur.</strong></span> <span class='ocrx_word' id='word_1_197' title='bbox 438 2961 526 3015; x_wconf 71' lang='lat' dir='ltr'><strong>Postea</strong></span> <span class='ocrx_word' id='word_1_198' title='bbox 541 2960 586 3013; x_wconf 80' lang='lat' dir='ltr'><strong>ln·</strong></span> <span class='ocrx_word' id='word_1_199' title='bbox 633 2960 704 3015; x_wconf 75' lang='lat' dir='ltr'><strong>«llum</strong></span> <span class='ocrx_word' id='word_1_200' title='bbox 721 2972 791 3014; x_wconf 77' lang='lat' dir='ltr'><strong>senes</strong></span> <span class='ocrx_word' id='word_1_201' title='bbox 808 2960 875 3017; x_wconf 76' lang='lat' dir='ltr'><strong>inter</strong></span> <span class='ocrx_word' id='word_1_202' title='bbox 890 2963 980 3017; x_wconf 73' lang='lat' dir='ltr'><strong>tonius</strong></span> <span class='ocrx_word' id='word_1_203' title='bbox 991 2966 1145 3035; x_wconf 71' lang='lat' dir='ltr'><strong>eruentus,</strong></span> 
     </span>
     <span class='ocr_line' id='line_1_25' title="bbox 73 3037 1145 3115; baseline 0.004 -20"><span class='ocrx_word' id='word_1_204' title='bbox 73 3040 164 3101; x_wconf 77' lang='lat' dir='ltr'><strong>docte.</strong></span> <span class='ocrx_word' id='word_1_205' title='bbox 177 3054 202 3093; x_wconf 90' lang='lat' dir='ltr'><strong>et</strong></span> <span class='ocrx_word' id='word_1_206' title='bbox 212 3038 356 3093; x_wconf 83' lang='lat' dir='ltr'><strong>suadebant</strong></span> <span class='ocrx_word' id='word_1_207' title='bbox 371 3058 484 3093; x_wconf 78' lang='lat' dir='ltr'><strong>exercere</strong></span> <span class='ocrx_word' id='word_1_208' title='bbox 496 3060 586 3115; x_wconf 87' lang='lat' dir='ltr'><strong>corpus</strong></span> <span class='ocrx_word' id='word_1_209' title='bbox 636 3037 800 3109; x_wconf 83' lang='lat' dir='ltr'><strong>Quintiliano</strong></span> <span class='ocrx_word' id='word_1_210' title='bbox 812 3040 912 3113; x_wconf 70' lang='lat' dir='ltr'><strong>judice,</strong></span> <span class='ocrx_word' id='word_1_211' title='bbox 923 3042 1004 3097; x_wconf 86' lang='lat' dir='ltr'><strong>lnstit.</strong></span> <span class='ocrx_word' id='word_1_212' title='bbox 1018 3046 1063 3097; x_wconf 76' lang='lat' dir='ltr'><strong>or.</strong></span> <span class='ocrx_word' id='word_1_213' title='bbox 1075 3046 1145 3109; x_wconf 77' lang='lat'>111,</span> 
     </span>
     <span class='ocr_line' id='line_1_26' title="bbox 75 3116 1147 3193; baseline 0.005 -20"><span class='ocrx_word' id='word_1_214' title='bbox 75 3132 129 3173; x_wconf 80' lang='lat' dir='ltr'><strong>ante</strong></span> <span class='ocrx_word' id='word_1_215' title='bbox 138 3118 263 3193; x_wconf 83' lang='lat' dir='ltr'><strong>pluviam.</strong></span> <span class='ocrx_word' id='word_1_216' title='bbox 275 3116 391 3185; x_wconf 68' lang='lat' dir='ltr'><strong>lapsine.</strong></span> <span class='ocrx_word' id='word_1_217' title='bbox 639 3138 676 3173; x_wconf 89' lang='lat' dir='ltr'><strong>ro.</strong></span> <span class='ocrx_word' id='word_1_218' title='bbox 691 3116 730 3171; x_wconf 83' lang='lat' dir='ltr'><strong>(ll.</strong></span> <span class='ocrx_word' id='word_1_219' title='bbox 742 3117 851 3171; x_wconf 77' lang='lat' dir='ltr'><strong>Bentlei.</strong></span> <span class='ocrx_word' id='word_1_220' title='bbox 865 3119 897 3171; x_wconf 85' lang='lat' dir='ltr'><strong>sd</strong></span> <span class='ocrx_word' id='word_1_221' title='bbox 908 3120 997 3174; x_wconf 81' lang='lat' dir='ltr'><strong>Horat.</strong></span> <span class='ocrx_word' id='word_1_222' title='bbox 1008 3125 1063 3176; x_wconf 78' lang='lat' dir='ltr'><strong>Art.</strong></span> <span class='ocrx_word' id='word_1_223' title='bbox 1074 3122 1147 3178; x_wconf 81' lang='lat' dir='ltr'><strong>Post.</strong></span> 
     </span>
     <span class='ocr_line' id='line_1_27' title="bbox 103 3194 1147 3267; baseline 0.009 -20"><span class='ocrx_word' id='word_1_224' title='bbox 103 3196 127 3248; x_wconf 78' lang='lat'><strong>3.</strong></span> <span class='ocrx_word' id='word_1_225' title='bbox 141 3196 203 3251; x_wconf 79' lang='lat' dir='ltr'><strong>Nou</strong></span> <span class='ocrx_word' id='word_1_226' title='bbox 214 3204 433 3248; x_wconf 56' lang='lat' dir='ltr'><strong>summersus.</strong></span> <span class='ocrx_word' id='word_1_227' title='bbox 447 3194 526 3251; x_wconf 81' lang='lat' dir='ltr'><strong>Vides</strong></span> <span class='ocrx_word' id='word_1_228' title='bbox 544 3194 587 3251; x_wconf 86' lang='lat' dir='ltr'><strong>bie</strong></span> <span class='ocrx_word' id='word_1_229' title='bbox 637 3198 668 3249; x_wconf 76' lang='lat'><strong>25</strong></span> <span class='ocrx_word' id='word_1_230' title='bbox 680 3234 688 3263; x_wconf 84' lang='lat'><em>,</em></span> <span class='ocrx_word' id='word_1_231' title='bbox 702 3194 749 3267; x_wconf 81' lang='lat' dir='ltr'><strong>qui</strong></span> <span class='ocrx_word' id='word_1_232' title='bbox 763 3208 789 3249; x_wconf 88' lang='lat' dir='ltr'><strong>et</strong></span> <span class='ocrx_word' id='word_1_233' title='bbox 804 3208 918 3251; x_wconf 65' lang='lat' dir='ltr'><strong>nauum</strong></span> <span class='ocrx_word' id='word_1_234' title='bbox 930 3198 1016 3253; x_wconf 71' lang='lat' dir='ltr'><strong>heum</strong></span> <span class='ocrx_word' id='word_1_235' title='bbox 1030 3202 1147 3256; x_wconf 74' lang='lat' dir='ltr'><strong>advertit·</strong></span> 
     </span>
     <span class='ocr_line' id='line_1_28' title="bbox 74 3270 1065 3344; baseline -0.003 -17"><span class='ocrx_word' id='word_1_236' title='bbox 74 3276 243 3327; x_wconf 88' lang='lat' dir='ltr'><strong>dillsrentiam</strong></span> <span class='ocrx_word' id='word_1_237' title='bbox 266 3282 309 3330; x_wconf 70' lang='lat' dir='ltr'><strong>est</strong></span> <span class='ocrx_word' id='word_1_238' title='bbox 336 3275 459 3327; x_wconf 62' lang='lat' dir='ltr'><strong>delerem</strong></span> <span class='ocrx_word' id='word_1_239' title='bbox 480 3287 506 3329; x_wconf 89' lang='lat' dir='ltr'><strong>st</strong></span> <span class='ocrx_word' id='word_1_240' title='bbox 518 3294 587 3344; x_wconf 70' lang='lat' dir='ltr'><strong>pu·</strong></span> <span class='ocrx_word' id='word_1_241' title='bbox 635 3270 728 3325; x_wconf 70' lang='lat' dir='ltr'><strong>nulle</strong></span> <span class='ocrx_word' id='word_1_242' title='bbox 1060 3300 1065 3314; x_wconf 84' lang='lat'><strong>.</strong></span> 
     </span>
     <span class='ocr_line' id='line_1_29' title="bbox 74 3348 1149 3433; baseline 0.006 -27"><span class='ocrx_word' id='word_1_243' title='bbox 74 3356 139 3407; x_wconf 77' lang='lat' dir='ltr'><strong>dere.</strong></span> <span class='ocrx_word' id='word_1_244' title='bbox 151 3352 246 3404; x_wconf 69' lang='lat' dir='ltr'><strong>mot.</strong></span> <span class='ocrx_word' id='word_1_245' title='bbox 670 3372 693 3420; x_wconf 79' lang='lat'><strong>7.</strong></span> <span class='ocrx_word' id='word_1_246' title='bbox 706 3348 827 3405; x_wconf 74' lang='lat' dir='ltr'><strong>Grandis</strong></span> <span class='ocrx_word' id='word_1_247' title='bbox 836 3366 936 3429; x_wconf 85' lang='lat' dir='ltr'><strong>propter</strong></span> <span class='ocrx_word' id='word_1_248' title='bbox 946 3355 1054 3411; x_wconf 84' lang='lat' dir='ltr'><strong>sublime</strong></span> <span class='ocrx_word' id='word_1_249' title='bbox 1065 3378 1149 3433; x_wconf 68' lang='lat' dir='ltr'><strong>argu-</strong></span> 
     </span>
     <span class='ocr_line' id='line_1_30' title="bbox 105 3428 863 3503; baseline 0 -20"><span class='ocrx_word' id='word_1_250' title='bbox 105 3436 127 3498; x_wconf 70' lang='grc' dir='ltr'><strong>ζ.</strong></span> <span class='ocrx_word' id='word_1_251' title='bbox 141 3428 219 3502; x_wconf 80' lang='lat' dir='ltr'><strong>Quid</strong></span> <span class='ocrx_word' id='word_1_252' title='bbox 229 3432 343 3499; x_wconf 77' lang='lat' dir='ltr'><strong>impetras</strong></span> <span class='ocrx_word' id='word_1_253' title='bbox 352 3428 361 3481; x_wconf 74' lang='lat'><strong>,¹</strong></span> <span class='ocrx_word' id='word_1_254' title='bbox 371 3428 496 3503; x_wconf 83' lang='lat' dir='ltr'><strong>Impetum</strong></span> <span class='ocrx_word' id='word_1_255' title='bbox 503 3428 538 3481; x_wconf 91' lang='lat' dir='ltr'><strong>ait</strong></span> <span class='ocrx_word' id='word_1_256' title='bbox 546 3428 589 3483; x_wconf 89' lang='lat' dir='ltr'><strong>de·</strong></span> <span class='ocrx_word' id='word_1_257' title='bbox 637 3440 760 3485; x_wconf 84' lang='lat' dir='ltr'><strong>mentum.</strong></span> <span class='ocrx_word' id='word_1_258' title='bbox 772 3430 863 3484; x_wconf 71' lang='lat' dir='ltr'><strong>uult.</strong></span> 
     </span>
     <span class='ocr_line' id='line_1_31' title="bbox 74 3505 1147 3585; baseline 0.007 -24"><span class='ocrx_word' id='word_1_259' title='bbox 74 3510 147 3562; x_wconf 74' lang='lat' dir='ltr'><strong>luisse</strong></span> <span class='ocrx_word' id='word_1_260' title='bbox 159 3506 230 3580; x_wconf 82' lang='lat' dir='ltr'><strong>quod</strong></span> <span class='ocrx_word' id='word_1_261' title='bbox 241 3505 399 3577; x_wconf 67' lang='lat' dir='ltr'><strong>equabilitss</strong></span> <span class='ocrx_word' id='word_1_262' title='bbox 410 3506 488 3581; x_wconf 69' lang='lat' dir='ltr'><strong>igitur</strong></span> <span class='ocrx_word' id='word_1_263' title='bbox 495 3526 590 3561; x_wconf 87' lang='lat' dir='ltr'><strong>sermo-</strong></span> <span class='ocrx_word' id='word_1_264' title='bbox 670 3507 694 3563; x_wconf 89' lang='lat' dir='ltr'><strong>ll.</strong></span> <span class='ocrx_word' id='word_1_265' title='bbox 713 3508 782 3561; x_wconf 81' lang='lat' dir='ltr'><strong>Tam</strong></span> <span class='ocrx_word' id='word_1_266' title='bbox 801 3514 884 3581; x_wconf 61' lang='lat' dir='ltr'><strong>longe.</strong></span> <span class='ocrx_word' id='word_1_267' title='bbox 903 3511 936 3565; x_wconf 87' lang='lat' dir='ltr'><strong>la</strong></span> <span class='ocrx_word' id='word_1_268' title='bbox 955 3524 998 3566; x_wconf 83' lang='lat' dir='ltr'><strong>toa</strong></span> <span class='ocrx_word' id='word_1_269' title='bbox 1016 3514 1147 3585; x_wconf 80' lang='lat' dir='ltr'><strong>provincia</strong></span> 
     </span>
     <span class='ocr_line' id='line_1_32' title="bbox 75 3573 1148 3727; baseline 0.005 -87"><span class='ocrx_word' id='word_1_270' title='bbox 75 3587 244 3719; x_wconf 50' lang='lat' dir='ltr'><strong>susem</strong></span> <span class='ocrx_word' id='word_1_271' title='bbox 255 3584 285 3715; x_wconf 89' lang='lat' dir='ltr'><strong>iui</strong></span> <span class='ocrx_word' id='word_1_272' title='bbox 296 3583 588 3715; x_wconf 46' lang='lat' dir='ltr'><strong>{Millivllbflssfflffi</strong></span> <span class='ocrx_word' id='word_1_273' title='bbox 636 3573 737 3719; x_wconf 53' lang='lat' dir='ltr'><strong>ffiqffl</strong></span> <span class='ocrx_word' id='word_1_274' title='bbox 745 3600 833 3721; x_wconf 65' lang='lat' dir='ltr'><strong>poples,</strong></span> <span class='ocrx_word' id='word_1_275' title='bbox 847 3588 889 3642; x_wconf 89' lang='lat' dir='ltr'><strong>bie</strong></span> <span class='ocrx_word' id='word_1_276' title='bbox 900 3590 1080 3724; x_wconf 48' lang='lat' dir='ltr'><strong>Rombgnibil.</strong></span> <span class='ocrx_word' id='word_1_277' title='bbox 1098 3592 1148 3727; x_wconf 50' lang='lat' dir='ltr'><strong>{llpe</strong></span> 
     </span>
     <span class='ocr_line' id='line_1_33' title="bbox 76 3682 1148 3807; baseline 0.005 -11"><span class='ocrx_word' id='word_1_278' title='bbox 76 3762 131 3795; x_wconf 79' lang='lat' dir='ltr'><strong>stem</strong></span> <span class='ocrx_word' id='word_1_279' title='bbox 144 3700 280 3796; x_wconf 78' lang='lat' dir='ltr'><strong>ineutiesla.</strong></span> <span class='ocrx_word' id='word_1_280' title='bbox 296 3682 465 3807; x_wconf 51' lang='lat' dir='ltr'><strong>SleffQuinlil.</strong></span> <span class='ocrx_word' id='word_1_281' title='bbox 479 3738 587 3793; x_wconf 86' lang='lat' dir='ltr'><strong>lostitut.</strong></span> <span class='ocrx_word' id='word_1_282' title='bbox 637 3686 903 3800; x_wconf 51' lang='lat' dir='ltr'><strong>blallltliabuffllln</strong></span> <span class='ocrx_word' id='word_1_283' title='bbox 917 3690 947 3723; x_wconf 79' lang='lat'><strong>⁸¹¹</strong></span> <span class='ocrx_word' id='word_1_284' title='bbox 1008 3706 1018 3738; x_wconf 39' lang='lat' dir='ltr'><strong>l</strong></span> <span class='ocrx_word' id='word_1_285' title='bbox 1038 3690 1084 3725; x_wconf 57' lang='grc' dir='ltr'>Μ</span> <span class='ocrx_word' id='word_1_286' title='bbox 1138 3692 1148 3725; x_wconf 52' lang='grc' dir='ltr'><strong>ι</strong></span> 
     </span>
     <span class='ocr_line' id='line_1_34' title="bbox 76 3816 1147 3899; baseline 0.008 -28"><span class='ocrx_word' id='word_1_287' title='bbox 76 3821 180 3882; x_wconf 75' lang='lat' dir='ltr'><strong>Orat.1‚</strong></span> <span class='ocrx_word' id='word_1_288' title='bbox 194 3840 203 3873; x_wconf 90' lang='grc' dir='ltr'><strong>ι</strong></span> <span class='ocrx_word' id='word_1_289' title='bbox 215 3860 224 3883; x_wconf 86' lang='grc'><strong><em>,</em></strong></span> <span class='ocrx_word' id='word_1_290' title='bbox 235 3830 292 3895; x_wconf 88' lang='lat' dir='ltr'><strong>post</strong></span> <span class='ocrx_word' id='word_1_291' title='bbox 300 3818 368 3871; x_wconf 86' lang='lat' dir='ltr'><strong>med.</strong></span> <span class='ocrx_word' id='word_1_292' title='bbox 376 3818 425 3869; x_wconf 86' lang='lat' dir='ltr'><strong>ait:</strong></span> <span class='ocrx_word' id='word_1_293' title='bbox 435 3816 524 3871; x_wconf 85' lang='lat' dir='ltr'><strong>Oratio</strong></span> <span class='ocrx_word' id='word_1_294' title='bbox 533 3836 588 3871; x_wconf 85' lang='lat' dir='ltr'><strong>san·</strong></span> <span class='ocrx_word' id='word_1_295' title='bbox 669 3822 772 3893; x_wconf 60' lang='lat' dir='ltr'><strong>plum</strong></span> <span class='ocrx_word' id='word_1_296' title='bbox 782 3835 840 3876; x_wconf 82' lang='lat' dir='ltr'><strong>enta</strong></span> <span class='ocrx_word' id='word_1_297' title='bbox 852 3828 932 3879; x_wconf 61' lang='lat' dir='ltr'><strong>eoum</strong></span> <span class='ocrx_word' id='word_1_298' title='bbox 945 3826 1025 3899; x_wconf 78' lang='lat' dir='ltr'><strong>adjeci</strong></span> <span class='ocrx_word' id='word_1_299' title='bbox 1034 3846 1092 3881; x_wconf 85' lang='lat' dir='ltr'><strong>eum</strong></span> <span class='ocrx_word' id='word_1_300' title='bbox 1107 3827 1147 3881; x_wconf 89' lang='lat' dir='ltr'><strong>ed.</strong></span> 
     </span>
     <span class='ocr_line' id='line_1_35' title="bbox 76 3896 1150 3979; baseline 0.008 -28"><span class='ocrx_word' id='word_1_301' title='bbox 76 3897 365 3972; x_wconf 67' lang='lat' dir='ltr'><strong>etaetgrarisffialsi.)</strong></span> <span class='ocrx_word' id='word_1_302' title='bbox 384 3896 480 3970; x_wconf 75' lang='lat' dir='ltr'><strong>Lipsius</strong></span> <span class='ocrx_word' id='word_1_303' title='bbox 499 3910 584 3951; x_wconf 85' lang='lat' dir='ltr'><strong>tamen</strong></span> <span class='ocrx_word' id='word_1_304' title='bbox 638 3900 802 3957; x_wconf 67' lang='lat' dir='ltr'><strong>Ilatmsse.</strong></span> <span class='ocrx_word' id='word_1_305' title='bbox 814 3903 1150 3979; x_wconf 75' lang='lat' dir='ltr'><strong>Ops-etGrutRaeomm·</strong></span> 
     </span>
     <span class='ocr_line' id='line_1_36' title="bbox 78 3976 1150 4059; baseline 0.008 -30"><span class='ocrx_word' id='word_1_306' title='bbox 78 3980 206 4033; x_wconf 83' lang='lat' dir='ltr'><strong>emendat:</strong></span> <span class='ocrx_word' id='word_1_307' title='bbox 219 3998 295 4033; x_wconf 77' lang='lat' dir='ltr'><strong>sona.</strong></span> <span class='ocrx_word' id='word_1_308' title='bbox 308 3976 363 4031; x_wconf 80' lang='lat' dir='ltr'><strong>Nec</strong></span> <span class='ocrx_word' id='word_1_309' title='bbox 375 3976 449 4029; x_wconf 85' lang='lat' dir='ltr'><strong>male.</strong></span> <span class='ocrx_word' id='word_1_310' title='bbox 462 3976 527 4031; x_wconf 89' lang='lat' dir='ltr'><strong>Vide</strong></span> <span class='ocrx_word' id='word_1_311' title='bbox 539 3977 585 4029; x_wconf 80' lang='lat' dir='ltr'><strong>llr·</strong></span> <span class='ocrx_word' id='word_1_312' title='bbox 638 3978 747 4052; x_wconf 85' lang='lat' dir='ltr'><strong>demque</strong></span> <span class='ocrx_word' id='word_1_313' title='bbox 764 3980 888 4037; x_wconf 87' lang='lat' dir='ltr'><strong>librorum</strong></span> <span class='ocrx_word' id='word_1_314' title='bbox 902 3982 1044 4059; x_wconf 64' lang='lat' dir='ltr'><strong>praecripto</strong></span> <span class='ocrx_word' id='word_1_315' title='bbox 1065 3984 1150 4039; x_wconf 80' lang='lat' dir='ltr'><strong>deleri</strong></span> 
     </span>
     <span class='ocr_line' id='line_1_37' title="bbox 80 4054 1150 4134; baseline 0.009 -30"><span class='ocrx_word' id='word_1_316' title='bbox 80 4056 137 4108; x_wconf 85' lang='lat' dir='ltr'><strong>nesti</strong></span> <span class='ocrx_word' id='word_1_317' title='bbox 148 4058 231 4111; x_wconf 75' lang='lat' dir='ltr'><strong>onie.</strong></span> <span class='ocrx_word' id='word_1_318' title='bbox 241 4056 402 4131; x_wconf 70' lang='lat' dir='ltr'><strong>&#39;l&#39;eebnolog¹</strong></span> <span class='ocrx_word' id='word_1_319' title='bbox 413 4054 465 4111; x_wconf 72' lang='lat' dir='ltr'><strong>lat</strong></span> <span class='ocrx_word' id='word_1_320' title='bbox 473 4054 529 4113; x_wconf 83' lang='lat' dir='ltr'><strong>sub.</strong></span> <span class='ocrx_word' id='word_1_321' title='bbox 537 4074 588 4109; x_wconf 86' lang='lat' dir='ltr'><strong>vo·</strong></span> <span class='ocrx_word' id='word_1_322' title='bbox 637 4056 786 4129; x_wconf 77' lang='lat' dir='ltr'><strong>particulam</strong></span> <span class='ocrx_word' id='word_1_323' title='bbox 798 4070 833 4126; x_wconf 81' lang='lat' dir='ltr'><strong>et,</strong></span> <span class='ocrx_word' id='word_1_324' title='bbox 843 4073 899 4134; x_wconf 85' lang='lat' dir='ltr'><strong>post</strong></span> <span class='ocrx_word' id='word_1_325' title='bbox 908 4067 1150 4118; x_wconf 65' lang='lat' dir='ltr'><strong>missurumera</strong></span> 
     </span>
     <span class='ocr_line' id='line_1_38' title="bbox 81 4133 957 4211; baseline 0.009 -26"><span class='ocrx_word' id='word_1_326' title='bbox 81 4152 118 4189; x_wconf 86' lang='lat' dir='ltr'><strong>ee:</strong></span> <span class='ocrx_word' id='word_1_327' title='bbox 129 4133 228 4191; x_wconf 82' lang='lat' dir='ltr'><strong>Sonus.</strong></span> <span class='ocrx_word' id='word_1_328' title='bbox 237 4134 328 4189; x_wconf 73' lang='lat' dir='ltr'><strong>null.</strong></span> <span class='ocrx_word' id='word_1_329' title='bbox 637 4134 718 4209; x_wconf 71' lang='lat' dir='ltr'><strong>vulgo</strong></span> <span class='ocrx_word' id='word_1_330' title='bbox 730 4138 863 4211; x_wconf 72' lang='lat' dir='ltr'><strong>adjectam.</strong></span> <span class='ocrx_word' id='word_1_331' title='bbox 875 4138 957 4196; x_wconf 71' lang='lat' dir='ltr'><strong>Sedes.</strong></span> 
     </span>
    </p>
   </div>
   <div class='ocr_carea' id='block_1_5' title="bbox 380 4274 759 4309">
    <p class='ocr_par' dir='ltr' id='par_1_5' title="bbox 380 4274 759 4309">
     <span class='ocr_line' id='line_1_39' title="bbox 380 4274 759 4309; baseline 0 0"><span class='ocrx_word' id='word_1_332' title='bbox 380 4302 388 4309; x_wconf 92' lang='lat'><em>.</em></span> <span class='ocrx_word' id='word_1_333' title='bbox 472 4274 759 4309; x_wconf 47' lang='grc' dir='ltr'><strong>-φ-ι</strong></span> 
     </span>
    </p>
   </div>
   <div class='ocr_carea' id='block_1_6' title="bbox 0 0 1497 4992">
    <p class='ocr_par' dir='ltr' id='par_1_6' title="bbox 0 0 1497 4992">
     <span class='ocr_line' id='line_1_40' title="bbox 0 0 1497 4992; baseline 0 0"><span class='ocrx_word' id='word_1_334' title='bbox 0 0 1497 4992; x_wconf 95' lang='lat' dir='ltr'><strong> </strong></span> 
     </span>
    </p>
   </div>
  </div>
 </body>
</html>
