2975 4992
306 431 328 499 8
621 427 664 496 F.
688 427 731 497 tt.
758 423 1057 496 RUHKOPFII

305 569 525 632 commercium
540 565 613 644 tun,
636 570 669 629 in
681 568 714 630 id
726 581 864 650 tempus,
879 588 940 650 quo
953 567 1041 631 Nero
1058 567 1280 652 malignitatem
1292 567 1405 630 anicani

305 678 465 738 ostendere
479 675 643 758 inciperet,
655 689 687 737 et
695 673 814 737 Seneca
824 665 1046 738 consuetudinis
1056 696 1163 760 parum
1174 675 1307 738 ltonestae
1316 693 1401 738 cum

304 781 491 866 Agrippina,
513 779 800 863 quanquam'lalso,
823 779 1034 858 insimulatus,
1058 782 1208 866 gratiam,
1225 801 1285 862 qua
1304 763 1402 863 apud

304 889 466 952 Neronem
489 886 659 964 llornerat,
687 887 801 949 senum
829 885 991 970 frigescere
1021 886 1211 970 intelligeret.
1239 883 1290 951 Cl'.
1321 884 1399 946 Dio

306 993 393 1058 Cass.
411 1010 484 1069 ω,
501 1011 549 1055 ιο.
562 992 653 1054 Unde
673 992 787 1055 lactum
810 1013 876 1055 esse
895 993 1026 1070 videtur,
1044 1006 1078 1055 nt
1089 993 1174 1054 omni
1195 991 1261 1055 sere
1278 992 1400 1076 reipu-

304 1101 391 1163 blicae
413 1101 672 1162 administratione
691 1099 857 1162 identidem
880 1099 1010 1172 ombaa,
1027 1113 1093 1162 tum
1107 1099 1170 1162 otio
1185 1098 1337 1162 litterario
1361 1109 1398 1160 et

304 1205 518 1289 philosophico
529 1205 627 1287 magis
637 1204 795 1288 magisque
809 1225 841 1266 se
853 1206 1001 1282 traderet,
1014 1217 1079 1266 tum
1091 1201 1265 1282 itineribus,
1276 1203 1397 1286 quibus

305 1312 522 1391 delectabatur,
539 1311 697 1390 iaciendis,
719 1314 880 1376 accedente
902 1333 1020 1394 quoque
1041 1311 1213 1374 valetudine
1226 1312 1325 1388 malt,
1349 1313 1396 1373 ad

303 1418 437 1482 Baianas
446 1420 597 1495 tbermas,
610 1418 782 1499 Neapolin,
797 1414 957 1493 Puteolos,
974 1422 1013 1480 ad
1022 1419 1110 1480 villas
1124 1438 1193 1482 suas
1207 1417 1393 1490 Albanum,

303 1521 531 1586 Nomentanum
545 1536 603 1586 ete.
623 1525 795 1600 secederet,
809 1525 906 1587 animi
918 1525 1074 1588 relaxandi
1098 1537 1130 1588 et
1139 1545 1249 1609 corpus
1259 1526 1394 1588 curandi
1452 1593 1457 1608 ,

303 1650 407 1694 causa
434 1628 539 1711 Quare
563 1630 701 1714 plurimae
720 1630 854 1713 epistolae
873 1629 984 1708 Baiis,
1009 1629 1164 1715 Neapoli,
1184 1645 1241 1696 etc.
1264 1633 1392 1717 scriptae

303 1749 382 1798 mni.

343 1842 394 1906 De
414 1843 524 1905 hetto
541 1843 677 1919 tutare,
698 1844 737 1905 ad
761 1863 852 1926 quem
874 1843 1017 1927 epistolas
1035 1845 1093 1908 has
1109 1847 1229 1931 scripsit
1239 1845 1386 1924 Seneca,

302 1952 407 2014 omnia
420 1949 546 2034 vestigia
559 1949 694 2013 historiae
708 1965 739 2012 et
750 1951 880 2034 politica
894 1964 924 2013 et
939 1951 1093 2016 litterariae
1106 1967 1170 2017 tam
1183 1955 1326 2018 radicitm
1334 1977 1391 2018 sn·

302 2060 385 2122 blata
407 2072 440 2120 et
459 2058 559 2120 deleta
581 2070 665 2136 snut,
682 2071 723 2119 ut
741 2057 801 2120 nisi
816 2055 940 2122 Seuecae
956 2060 1130 2132 vaticinatio
1148 2083 1240 2145 snpra
1254 2064 1389 2128 adducta

302 2167 415 2230 exitum
422 2165 593 2242 habuisset,
606 2165 735 2247 ideoque
747 2161 812 2248 ejus
824 2165 895 2227 libri
905 2167 944 2228 de
953 2164 1147 2230 Providentia
1159 2168 1224 2247 ,lue
1233 2169 1386 2252 epistolae,

301 2286 333 2336 ct
350 2273 502 2336 naturales
524 2271 700 2354 quaestiones
721 2268 841 2335 Lucilio
862 2271 1008 2357 inscripti
1022 2275 1205 2336 memoriam
1220 2274 1308 2359 hujus
1322 2278 1386 2340 viri

300 2392 529 2442 conservassent
542 2424 553 2456 ,
565 2399 690 2463 prorsus
702 2376 777 2439 nihil
793 2379 879 2442 de'eo
893 2378 1037 2442 sciremus
1050 2403 1057 2440 ε
1071 2393 1244 2463 quanquam
1253 2404 1386 2467 magnus

300 2485 390 2548 luerit
405 2485 438 2546 in
450 2485 606 2569 provincia
619 2483 724 2548 Sicilia
738 2483 815 2567 (Ep.
830 2499 925 2560 xlm,
941 2487 999 2562 n),
1015 2487 1099 2570 cujus
1110 2503 1301 2571 procurator,
1315 2513 1385 2574 qum

299 2580 356 2655 luit
376 2593 518 2655 nobilitas
547 2593 693 2674 equestris
715 2591 766 2673 (v.
788 2590 897 2654 Taciti
911 2591 963 2653 rit.
985 2591 1121 2676 Agricol.
1145 2617 1171 2658 c.
1193 2595 1231 2672 4,
1260 2611 1290 2660 et
1314 2595 1384 2661 Dio

299 2699 386 2764 Cass.
401 2716 475 2777 nur,
491 2698 565 2781 ιδ),
581 2721 618 2760 er
629 2719 715 2762 more
732 2719 751 2761 a
772 2697 892 2764 Cesare
908 2697 1021 2762 electus
1035 2715 1108 2762 eret.
1122 2697 1223 2766 locus
1237 2703 1383 2768 classicus

298 2807 336 2868 de
358 2806 477 2890 origine
497 2818 527 2867 et
551 2803 620 2866 latis
642 2805 706 2887 ejus
732 2817 778 2866 est
795 2803 904 2867 Natur.
917 2802 1033 2886 Quaest.
1047 2821 1101 2882 tv,
1117 2827 1248 2891 prooem.
1265 2831 1301 2872 ex
1316 2831 1381 2893 qno

298 2911 424 2994 aliisque
439 2909 636 2996 epistolarum
651 2909 725 2973 locis
739 2910 892 2988 videmus,
911 2931 981 2974 eum
995 2911 1104 2974 humili
1119 2912 1188 2977 loco
1200 2928 1325 2993 natum,
1346 2931 1381 2978 ut

299 3019 427 3096 videtur,
442 3017 473 3078 in
482 3013 682 3100 Campania·,
692 3016 791 3078 studio
803 3015 973 3078 litterarum
987 3018 1138 3080 bonarum
1149 3033 1181 3082 et
1194 3021 1379 3106 jurisperitis

298 3137 456 3209 tantopere
467 3123 625 3202 enituisse,
637 3135 672 3186 ut
680 3143 771 3206 eques
778 3120 937 3184 llomanus
949 3121 1044 3186 iactus
1056 3123 1329 3209 esset(Ep.xt1v,
1346 3151 1375 3188 ιι

301 3261 317 3288 ιι
329 3231 433 3315 Eques
441 3230 600 3296 Romanus
612 3252 663 3310 es,
677 3244 706 3292 et
719 3228 845 3292 adhunc
856 3231 995 3293 ordinem
1006 3253 1124 3294 summa
1134 3244 1163 3294 te
1174 3235 1315 3316 produxit
1326 3235 1378 3296 in-

298 3339 474 3416 dustriae),
488 3351 519 3401 et
525 3358 596 3399 mox
605 3336 739 3420 pericula
750 3335 816 3398 vitae
825 3335 928 3398 aulicae
937 3335 1065 3399 feliciter
1075 3336 1220 3401 eluctatus
1229 3324 1376 3422 procura-

297 3446 413 3510 tionem
425 3444 535 3510 Sicilire
548 3445 724 3528 accipet&
826 3431 830 3440 ¹
1281 3517 1284 3522 ,

338 3562 447 3628 Mores
467 3564 532 3647 ejus
552 3562 723 3635 modestos,
738 3560 832 3623 animi
852 3563 1031 3638 candorem,
1053 3562 1252 3624 constantiam
1272 3561 1374 3624 ethu-

329 3819 338 3857 ¹
351 3822 426 3876 Nunc
435 3815 499 3874 milti
511 3820 635 3874 iucertum
647 3833 700 3885 est,
714 3839 748 3873 an
759 3813 869 3887 Neapoli
883 3838 942 3872 eum
954 3819 1091 3872 oriundum
1104 3838 1155 3870 ease
1167 3817 1288 3884 dicamus,
1302 3820 1371 3890 quod

297 3937 326 3969 er
339 3916 386 3987 Ep.
404 3929 472 3979 ιω,
490 3909 624 3985 colligitur.
638 3910 677 3962 lbi
690 3912 784 3962 Seneca
800 3909 834 3962 acl
851 3908 974 3962 Lucilium
990 3907 1095 3968 scribit,
1113 3929 1132 3960 a
1145 3907 1308 3975 Parthenope
1323 3921 1370 3961 tuu

296 4025 378 4075 usque
390 4003 523 4057 Puteolos.
537 3999 609 4053 Alibi
618 4013 702 4054 antem
715 4001 761 4073 Ep.
775 4013 851 4065 xerat,
865 4011 890 4050 et
901 3999 1087 4067 Pompeiorum
1098 4009 1202 4052 teserem
1210 4010 1368 4066 roupertum

295 4107 437 4157 memorat,
452 4112 509 4164 que
526 4092 613 4162 repetit
630 4091 677 4165 Ep.
693 4107 759 4157 txx,
778 4111 798 4142 ι.
813 4089 936 4142 Ceterum
954 4090 1040 4142 omnia
1060 4109 1116 4158 quae
1131 4091 1162 4141 de
1175 4110 1205 4143 eo
1217 4090 1278 4143 scire
1290 4090 1366 4153 licet,

294 4191 347 4264 jam
358 4208 375 4241 a
385 4186 411 4240 b·
423 4181 607 4240 wernsdorlio
624 4183 697 4237 Tum.
710 4183 763 4248 lV,
778 4203 801 4254 p.
817 4199 852 4234 tt.
865 4201 919 4252 sqq.
935 4181 1005 4234 Poct.
1019 4179 1085 4234 ltin.
1104 4181 1251 4234 Latinorum
1264 4179 1366 4236 collecta

293 4294 362 4338 sunt.
