2975 4992
312 416 378 483 312
610 417 652 486 L.
677 420 855 489 ANNAEI
877 420 1094 493 SENECAE

311 545 350 611 in
361 544 497 613 alieno¹
517 544 671 634 haerent,
696 547 774 618 ideo
792 550 937 645 expell?
961 569 997 622 et
1020 545 1195 625 exturbari
1211 574 1354 650 possem
1370 583 1379 624 :

311 657 462 729 fideliter
473 658 616 744 sedent,
636 686 714 755 qute
727 666 767 732 in
784 664 897 735 locum
911 692 1010 738 sunm
1023 669 1180 739 veniunt.
1193 673 1314 743 Virtus
1323 696 1382 743 ee·

268 794 287 846 9
310 776 459 845 cundum
482 794 637 847 naturam
659 795 734 849 est:
752 782 836 851 vitiu
851 784 988 853 inimice
1006 799 1042 855 et
1062 785 1185 855 infesto
1201 804 1294 859 sunt.
1312 790 1384 860 sod

310 892 595 984 quemadmodum
610 895 757 966 virtutes
770 891 930 993 receptae³
944 902 1038 970 exire
1046 923 1117 969 non
1127 920 1287 996 possunt,
1304 904 1385 974 iaci·

311 1008 421 1101 lisque
430 1034 547 1079 surum
557 1004 722 1081 tutelacst
731 1042 742 1101 ς
751 1014 801 1082 ita
810 1014 948 1085 initium
957 1016 1002 1085 ad
1011 1016 1088 1088 illas
1094 1018 1199 1107 eundi
1212 1021 1381 1090 arduum:

309 1126 391 1215 quia
408 1125 477 1195 hoc
494 1129 642 1222 primum
661 1128 842 1201 imbecille
855 1133 981 1202 mentis
991 1148 1095 1227 atque
1105 1158 1206 1229 oegrm
1219 1150 1289 1220 ost,
1309 1136 1384 1205 fon·

311 1239 440 1311 midnre
456 1243 645 1337 inexperta.
663 1247 784 1339 Itaque
797 1248 952 1343 cogendo
968 1265 1021 1319 est
1036 1273 1151 1334 mens,
1169 1265 1210 1320 ut
1223 1251 1381 1346 incipiat.
1454 1289 1455 1292 ¹

309 1354 443 1425 Deinde
455 1382 525 1427 non
536 1375 589 1427 est
601 1361 725 1429 acerbo
737 1360 907 1433 medicine
919 1391 928 1433 z
942 1366 1100 1460 protinus
1112 1365 1204 1435 enim
1217 1365 1379 1449 delectat,

310 1468 392 1538 dum
410 1487 518 1539 cunut.
538 1472 692 1543 Aliorum
703 1475 934 1547 remediorum
944 1494 1022 1573 post
1035 1480 1214 1548 sanitatem
1225 1478 1385 1575 voluptas

309 1603 361 1655 est
377 1616 385 1654 ι
401 1588 618 1683 Philosophia
633 1592 766 1685 pariter
782 1610 818 1662 et
835 1594 992 1664 minucie
1005 1613 1040 1664 et
1053 1595 1163 1665 dulcis
1178 1610 1242 1666 est.
1256 1596 1355 1666 ane.

347 1800 366 1831 r.
377 1779 412 1832 Iu
422 1781 517 1835 alieno.
527 1782 611 1850 Quis,
625 1794 653 1835 ut
666 1784 732 1839 inira
746 1784 823 1838 dicit:
871 1806 929 1839 eum
943 1786 1018 1844 codd.
1031 1788 1127 1860 Opsop.
1145 1803 1169 1841 et
1187 1786 1288 1844 Gruter.
1299 1786 1383 1851 Seleu.

314 1858 410 1911 Virtus
421 1859 474 1912 sols
485 1862 629 1913 serrandum
640 1872 767 1919 uotorum
775 1874 823 1917 est.
903 1867 928 1919 3.
946 1868 1063 1919 Virtutes
1080 1875 1191 1939 recepta.
1204 1869 1242 1921 Ex
1254 1867 1384 1941 Agricola

343 1958 367 1992 s.
376 1937 496 2009 Repetit.
508 1940 575 1996 Edd.
584 1939 645 1996 inde
656 1942 689 1995 sl)
698 1942 806 1997 hemo
812 1984 822 2012 ,
872 1944 1049 1999 mendatione
1061 1946 1130 2018 spssd
1141 1946 1238 2000 hum
1247 1944 1386 2001 commode

309 2036 363 2069 non
380 2017 559 2087 incommode,
577 2020 619 2073 sed
642 2020 728 2075 invitis
741 2021 821 2074 libris.
870 2021 966 2092 primus
984 2022 1076 2094 recepit
1094 2022 1145 2075 hoc
1164 2022 1285 2075 Muretus.
1309 2030 1384 2074 recta

307 2097 415 2170 Repone
422 2098 529 2165 depelli,
540 2098 610 2170 quod
620 2099 753 2153 communi
760 2118 823 2153 eon·
873 2099 914 2153 ed.
930 2098 968 2151 R.
986 2113 1011 2152 et
1027 2100 1103 2154 codd.
1123 2098 1197 2154 Grut.
1218 2109 1323 2153 seteutoe
1342 2097 1384 2152 ed.

307 2192 384 2233 seusu
404 2173 526 2230 exhibent
542 2176 602 2232 edd.
621 2190 681 2237 vett.
696 2190 722 2231 et
737 2196 785 2234 ms.
801 2197 824 2229 c.
871 2178 969 2235 Erasm-
983 2196 1042 2231 rum
1052 2179 1093 2232 ed
1103 2179 1139 2231 A·
1150 2191 1232 2231 mma
1242 2197 1267 2230 e.
1277 2176 1363 2244 Sede.

764 2348 856 2357 *qn—-

950 2362 1098 2371 u—-n-

635 2478 939 2571 EPISTOLA
983 2479 1059 2570 Lt.

779 2665 914 2689 ..so-

364 2806 572 2847 utrumnum
590 2805 670 2847 88ss
687 2804 852 2846 tntum
869 2805 986 2845 ΔΠΠΙ
1004 2805 1071 2855 QUO
1086 2804 1188 2842 ΠΥΗ
1204 2803 1330 2843 socon.

341 2912 475 2982 Quemque
496 2910 607 2976 habere,
623 2931 676 2983 quo
696 2908 849 2973 delectetur,
867 2909 904 2963 ait
919 2908 1066 2972 3Luciiinm
1084 2909 1181 2975 AEtna,
1196 2929 1223 2962 se
1236 2908 1315 2962 Baiis.
1333 2908 1388 2969 Sed

310 2996 360 3052 boc
370 2994 538 3049 diversorium
549 2996 655 3051 luxurie
667 3010 692 3049 et
702 2996 825 3050 vitiorum
837 3014 864 3046 se
877 3014 938 3049 mor
952 2993 1091 3067 reliquisse.
1111 2996 1148 3047 Its
1163 2995 1324 3049 occasionem
1338 3015 1389 3049 su-

310 3082 358 3137 mit
368 3118 376 3146 ,
388 3081 420 3133 de
432 3098 530 3133 secessu
540 3093 565 3134 et
576 3080 607 3133 de
619 3080 743 3134 evitandis
752 3079 916 3134 irritamentis
926 3077 1045 3133 vitiorum
1057 3078 1209 3151 exponendi.
1219 3078 1389 3133 Indurandus

310 3177 394 3218 autern
414 3176 450 3217 est
466 3163 565 3217 animus
582 3177 607 3216 et
622 3184 637 3217 a
652 3162 833 3217 blandimentis
852 3162 1012 3234 voluptatum
1028 3163 1117 3235 procul
1135 3162 1341 3229 abstrahendus,
1355 3182 1389 3214 ne

310 3248 464 3303 Hannibalis
477 3248 624 3323 Campaniae
635 3249 697 3302 lusu
705 3249 817 3303 enervati
830 3260 923 3301 sortem
936 3247 1102 3322 experiamur.
1111 3246 1269 3301 Nobisenim
1280 3266 1390 3319 qnoque

310 3332 407 3386 bellum
418 3334 558 3407 gerendum
569 3346 606 3386 est
621 3346 710 3387 contra
720 3333 861 3407 voluptates
872 3332 1054 3405 cujuscumque
1068 3332 1186 3405 generis,
1198 3345 1225 3385 et
1231 3344 1323 3385 eontra
1333 3333 1391 3384 tor»

311 3430 400 3470 tunatn
410 3452 419 3482 ,
429 3430 458 3470 ut
467 3416 610 3471 libertatem
621 3417 799 3491 adipiscamur.
812 3417 939 3485 Quocirca
948 3416 1004 3470 locs
1014 3417 1098 3470 sobria
1109 3429 1244 3487 senemque
1263 3415 1392 3487 eligenda

310 3516 387 3569 sunt,
401 3515 428 3554 nt
440 3502 573 3575 ingenim
584 3503 699 3557 firmetur
709 3514 735 3554 et
751 3502 852 3577 magnis
867 3502 1000 3556 conatibus
1016 3514 1102 3577 aptum
1122 3504 1258 3567 reddatur,
1279 3502 1357 3554 velut
1371 3502 1390 3555 ii

311 3587 443 3649 feceruut,
457 3584 502 3656 qui
516 3584 591 3657 primi
613 3584 686 3636 villas
703 3585 729 3635 in
747 3583 847 3637 Baiarm
863 3596 1051 3645 exstruxerunt,
1063 3596 1087 3636 et
1106 3584 1211 3637 Catonis
1227 3583 1255 3651 in
1266 3584 1391 3638 modurn.

311 3669 413 3733 Verbo,
427 3682 588 3741 persequatur
598 3668 711 3722 Lucilius
722 3668 784 3721 vitia
799 3680 823 3722 et
833 3668 973 3743 voluptates
985 3682 1080 3722 monet.

596 3806 708 3845 ΙΙΙΙΩᾸ
724 3803 854 3843 Uillium
871 3804 927 3852 Ιῦῦ,
944 3806 1093 3845 uisum.

361 3916 564 4008 Quonono
581 3916 727 4007 quisque
742 3918 894 4008 potest¹,
911 3916 956 3981 mi
971 3910 1102 3985 Lucili!
1123 3913 1179 3985 Tu
1192 3914 1390 3984 istichnbes

349 4105 825 4179 r.Quom.quisq.pot.Subintelligs,
875 4106 972 4161 latin·
980 4106 1392 4181 optinerespondetnosuassnlr

314 4187 419 4257 quisque
431 4186 499 4259 agit,
512 4206 538 4239 se
548 4188 639 4241 habet:
649 4186 691 4241 eui
700 4184 826 4239 locutioni
875 4183 924 4239 lica
934 4202 943 4239 t
955 4184 1230 4257 fflmsoitoome
1240 4188 1345 4253 dipem.
