2975 4992
366 479 636 556 artstona
659 480 861 556 ttxxt.
1080 493 1144 585 591

95 619 285 692 antidsslum
299 641 368 685 non
381 615 495 702 maile,
506 614 601 709 quod
613 615 672 686 illo
690 617 811 686 melius
823 630 888 686 est.
899 619 1026 712 Utique
1036 622 1146 704 enim,

94 763 150 830 quo
166 733 365 830 prudentior
379 749 452 818 est,
473 733 539 802 boo
556 733 714 826 mugisse
735 731 781 801 ad
802 733 859 816 id,
879 733 972 827 quod
988 751 1039 804 est
1052 737 1150 829 opti-

94 879 192 932 num,
211 849 388 932 extendet,
406 863 441 916 et
455 847 491 917 id
506 845 712 917 omnimodo
727 850 889 941 consequi
904 850 1032 942 cupiet.
1049 849 1148 942 Quo·

92 967 179 1038 modo
199 981 311 1036 antem
331 966 451 1033 beatus
478 979 545 1045 est,
572 965 631 1056 qui
652 987 778 1058 cupere
802 965 997 1034 etiamnunc
1014 982 1145 1060 potest,

91 1087 147 1153 imo
162 1085 220 1176 qui
235 1081 364 1150 debet?

130 1201 240 1268 Dicam
265 1195 350 1290 quid
375 1197 440 1281 sit,
469 1217 510 1262 ex
529 1218 597 1288 quo
616 1194 731 1262 veniat
755 1195 812 1262 bio
830 1217 939 1262 error.
960 1195 1145 1277 Nesoiunt,
1176 1213 1206 1267 't

90 1321 212 1384 Beatam
228 1315 341 1382 Vitam
359 1335 462 1380 unam
484 1333 570 1379 esse.
601 1312 642 1379 In
665 1312 793 1404 optimo
822 1311 915 1379 iiiam
940 1326 1027 1380 statu
1051 1312 1148 1404 ponit

90 1430 221 1521 qualitas
237 1451 318 1512 sua,
340 1451 409 1496 non
427 1425 636 1521 magnitudo.
659 1427 779 1520 Itaque
793 1430 829 1496 in
844 1451 943 1520 aequo
960 1444 1011 1496 est
1026 1427 1145 1520 longa,

88 1561 116 1612 et
129 1545 238 1613 brevis
249 1535 264 1631 3v
282 1543 427 1628 diffusa,
450 1558 485 1610 et
503 1543 698 1636 angustior3
717 1544 756 1610 in
773 1541 878 1610 multa
890 1542 986 1624 looa,
1008 1541 1149 1609 multas-

88 1685 144 1752 que
160 1676 272 1753 partes
290 1659 491 1741 distributa,
515 1673 550 1726 et
567 1660 603 1725 in
617 1679 724 1726 unum
738 1673 866 1725 coacta.
886 1658 958 1750 Qui
974 1657 1067 1724 iliam
1084 1681 1149 1724 nu·

88 1799 169 1843 mero
187 1776 348 1858 estimat,
382 1791 416 1843 at
444 1798 624 1860 mensura,
651 1790 687 1842 et
711 1774 885 1868 partibus,
905 1773 942 1841 id
961 1773 1032 1840 itti*
1054 1771 1149 1864 quod

87 1891 177 1961 habet
191 1893 371 1976 eximium,
389 1892 505 1985 eripit.
522 1890 619 1985 Quid
632 1906 744 1959 autem
759 1893 861 1958 estin
873 1889 972 1960 beata
989 1889 1060 1957 rita
1075 1891 1148 1957 exi·

87 2007 177 2074 mium
188 2007 203 2073 t
216 2005 312 2098 quod
325 2005 427 2099 plena
441 2021 504 2074 est.
522 2005 640 2088 Finis,
661 2021 699 2072 ut
712 2020 795 2098 puto
804 2010 832 2089 ²,
851 2002 975 2072 edendi
988 1999 1148 2071 bibendi-

87 2145 145 2214 que
163 2123 298 2191 satietas
314 2137 376 2190 est.
404 2123 470 2189 Hie
491 2121 567 2218 plus
583 2121 675 2204 edit,
692 2121 751 2189 iile
765 2123 899 2206 minus,
916 2117 1000 2212 quid
1014 2121 1121 2188 refert
1132 2122 1154 2189 i·

85 2253 216 2331 uterque
230 2239 303 2332 jam
324 2253 418 2306 satur
436 2225 487 2306 est
504 2265 512 2306 ε
528 2236 587 2306 hio
600 2239 677 2332 pius
690 2238 799 2321 bibit,
819 2238 878 2305 ille
901 2239 1034 2322 minus,
1063 2239 1148 2329 qaid

85 2355 202 2422 referti
221 2371 370 2448 uterque
395 2377 464 2422 non
484 2354 554 2421 sitit
573 2379 580 2418 :
598 2353 656 2421 bio
671 2352 827 2446 pluribus
843 2353 942 2420 annis
959 2353 1064 2437 vixit,
1088 2349 1151 2422 bie
1172 2385 1204 2416 πο

84 2473 290 2565 paucioribus
303 2502 312 2560 3
333 2472 422 2540 nibil
441 2473 602 2554 interest,
618 2471 647 2537 si
663 2485 731 2537 tam
745 2469 842 2537 ilium
856 2468 954 2564 multi
968 2471 1049 2536 anni
1064 2470 1149 2538 bea-

84 2605 143 2656 tum
157 2588 331 2670 secarunt,
348 2609 449 2678 quam
461 2584 554 2654 huno
564 2587 678 2679 pauci.
689 2586 765 2671 tlte,
781 2610 882 2678 quem
896 2601 932 2653 tu
945 2587 1057 2653 minus
1070 2586 1149 2655 bea·

83 2722 143 2773 tum
156 2729 279 2787 vooas,
299 2729 368 2772 non
386 2719 437 2772 est
452 2703 572 2771 beatus
588 2728 596 2770 ι
612 2725 682 2770 non
695 2718 805 2796 potest
819 2726 942 2772 nomen
958 2705 1125 2772 imminui.

126 2847 140 2885 r
154 2821 227 2914 Qui
244 2821 342 2888 sortis
358 2836 429 2901 est,
447 2821 520 2887 sine
537 2819 659 2887 timore
675 2834 749 2903 est,
771 2821 829 2910 qui
848 2820 922 2886 sine
939 2821 1059 2886 timore
1075 2835 1144 2901 est,

81 2940 144 3007 sine
154 2941 294 3007 tristitia
305 2954 373 3024 est,
386 2939 445 3030 qui
460 2937 532 3005 sine
541 2937 681 3004 tristitia
694 2952 758 3018 est,
773 2937 893 3004 beatus
902 2952 964 3004 est.
974 2963 990 2998 o
1002 2939 1147 3004 Nostro-

82 3079 148 3121 rum
161 3054 236 3123 baeo
251 3047 494 3145 interrogatio³
512 3065 574 3120 est.
591 3049 762 3119 Adversus
776 3051 866 3119 bano
878 3053 927 3118 sio
940 3051 1148 3145 respondere

79 3187 235 3240 conantur
252 3197 261 3238 ι
277 3169 410 3238 Falsam
423 3193 484 3238 nos
502 3192 573 3236 rem
595 3182 629 3234 et
646 3161 971 3236 controversiosam⁴
989 3193 1052 3262 pro
1066 3193 1147 3237 oon·

78 3285 154 3355 fessa
170 3285 349 3354 vindicare
362 3279 389 3370 ⁵3
409 3307 509 3366 eum,
527 3285 597 3376 qui,
610 3281 707 3352 sortis
720 3300 791 3366 est,
822 3286 896 3353 aine
916 3287 1037 3354 timore
1054 3311 1141 3356 esse.

79 3401 165 3494 Quid
182 3403 292 3498 ergo?
310 3402 441 3494 inquit,
467 3399 561 3468 fortis
582 3399 793 3468 imminentia
806 3400 893 3468 mala
906 3425 975 3469 non
989 3402 1146 3471 timebit?
1172 3433 1200 3465 n

79 3524 160 3594 istud
176 3523 346 3594 dementis
363 3523 585 3615 abeuntique,
602 3545 671 3588 non
686 3521 803 3605 sortis,
820 3539 883 3590 est.
901 3523 964 3592 Ille
976 3549 1072 3610 vero,
1092 3526 1146 3591 in-

107 3737 127 3770 t.
138 3717 176 3770 ld
183 3721 234 3771 illi.
245 3717 349 3769 Dedere
358 3716 416 3768 edd.
428 3713 487 3768 vett.
497 3713 583 3786 Vulgo
668 3715 692 3778 4.
704 3713 945 3768 Contmoers'iosom.
952 3717 1003 3767 Pro
1011 3713 1073 3766 oiim
1082 3713 1145 3766 vui-

72 3797 125 3860 J'om
134 3797 176 3849 iiii
187 3815 195 3847 .·
205 3795 275 3848 nude
287 3798 329 3847 tut
337 3813 382 3846 ros.
393 3815 413 3847 e.
424 3791 506 3846 Scbsr·
633 3803 690 3860 gato
709 3801 912 3856 controversam,
927 3813 956 3844 er
972 3792 1061 3845 rotatu.
1078 3805 1144 3845 reete

104 3891 125 3924 a.
139 3871 256 3941 Utputo.
265 3871 373 3923 Temere
381 3867 459 3942 vulgo
467 3866 583 3920 scribitur
632 3866 737 3918 adscivit
758 3867 843 3919 Rubit.
865 3871 941 3920 Amat
961 3871 1057 3922 Seneca
1073 3870 1144 3921 iliam

75 3961 179 4020 utputa.
193 3949 277 4004 Sciam.
631 3944 838 3996 terminationem
851 3945 878 3996 in
891 3947 1027 4016 adjectivis.
1041 3947 1121 4000 Scissa.

105 4027 126 4080 3.
136 4029 320 4096 letterrogotio.
328 4023 511 4099 syllogismus,
523 4019 583 4075 sori·
672 4026 695 4075 5.
710 4025 861 4076 Vindicate.
881 4025 931 4075 Pro
949 4025 994 4077 ilia
1013 4044 1073 4077 voce
1091 4045 1143 4077 non

77 4115 116 4156 tes.
125 4105 352 4176 Peripateticorum
363 4101 410 4154 boc
423 4121 474 4154 esse
485 4119 584 4173 respon·
637 4098 742 4152 debebat
748 4101 816 4152 idem
824 4100 914 4153 Editor
921 4103 1142 4169 inducentem,

77 4201 127 4234 sum
135 4221 142 4250 ,
150 4183 221 4254 quod
230 4201 289 4235 mox
297 4181 382 4246 affert,
394 4199 437 4253 per
444 4199 470 4232 se
477 4189 553 4253 patet,
562 4191 586 4229 et
634 4179 703 4245 quod
715 4199 743 4230 ex
753 4177 846 4230 Mureti
854 4177 906 4249 ing.
917 4192 971 4232 erat
982 4183 1141 4245 tetradiam,

79 4277 138 4331 sepe
151 4260 184 4312 ad
198 4260 270 4312 iibrr.
283 4260 314 4310 da
328 4259 368 4310 Ira
383 4256 535 4310 monuimus.
550 4255 584 4308 R.
636 4255 755 4309 exhibent
765 4256 834 4308 mssti
845 4257 940 4329 Opsop.
950 4271 974 4310 et
986 4259 1059 4314 Grut.
1071 4259 1142 4329 quod
