2975 4992
323 414 389 483 36¹0
611 417 652 484 L.
677 412 858 482 ANNAEI
881 412 1098 484 SENECAE

281 580 284 587 ⁴
322 542 359 611 id
370 559 441 627 est,
455 540 767 635 q‘ltidPlatoniesse
776 542 944 625 videatur,
956 540 1056 611 audi:
1074 539 1181 610 «Iden
1190 558 1242 611 est
1253 552 1377 632 eorum,'

264 672 295 725 ιθ
321 682 398 755 quae
414 658 656 741 naturalium,
672 658 844 752 exemplar
858 675 1035 727 oeternum.
1052 684 1070 722 r
1088 657 1255 751 Adjicium
1268 659 1377 729 defini·
1422 670 1426 678 '

321 776 406 843 sioni
426 774 763 868 interpretationem,
783 796 860 865 quo
878 774 942 841 tibi
968 779 1036 842 res'
1047 775 1200 867 apertior
1215 775 1286 842 liat.
1302 774 1377 845 Volo

321 890 504 983 imaginem
524 905 616 959 tuom
634 890 747 958 faeere
765 915 774 956 ε
792 889 965 982 exemplar
988 891 1130 983 picturae
1146 905 1181 958 te
1197 889 1325 972 liabeo,
1341 913 1378 957 et

322 1030 389 1097 quo
403 1007 495 1099 cepit
508 1007 655 1100 aliquem
672 1005 826 1075 habitum
839 1031 956 1089 mens,
973 1030 1074 1098 quem
1088 1008 1186 1099 operi
1203 1030 1264 1075 suo
1281 1007 1379 1099 impo-

321 1136 392 1191 nat.
408 1125 460 1190 Ita
476 1123 555 1207 illa,
575 1146 650 1215 quae
664 1146 718 1191 me
734 1122 834 1191 dooet
846 1137 882 1190 et
896 1124 1058 1207 instruit,
1079 1123 1200 1205 facies,
1216 1146 1317 1215 aqna
1328 1143 1380 1215 pe·

322 1240 407 1307 titur
428 1239 601 1327 imitetio,
622 1237 699 1307 idea
721 1256 786 1307 est.
809 1239 909 1307 Talia
933 1262 1016 1333 ergo
1033 1239 1239 1332 exemplaria
1257 1238 1380 1305 infinito

322 1350 428 1423 habet
442 1370 563 1423 natura
579 1378 716 1438 rerum,
736 1354 929 1437 hominum,
955 1356 1122 1447 piscium,
1144 1354 1324 1439 orborum3
1341 1352 1381 1421 ad

269 1505 296 1557 ¹7
323 1493 421 1562 qum,
443 1468 681 1563 quodcumque
694 1471 772 1569 lieri
784 1470 828 1537 ab
840 1470 900 1539 illa
909 1468 1030 1553 debet,
1043 1471 1255 1563 exprimitur.
1272 1469 1382 1561 Quor*

324 1590 416 1655 tum¹
430 1586 541 1655 locum
551 1586 654 1657 habet
664 1584 754 1671 εἶδος.
768 1586 865 1680 Quid
878 1589 922 1655 sit
938 1588 1005 1656 hoo
1021 1583 1115 1672 εἶδος,
1127 1586 1282 1657 attendas
1294 1610 1384 1679 opor·

325 1717 391 1788 tet3
412 1719 447 1771 et
462 1703 594 1771 Platoni
612 1705 776 1797 imputes,
792 1727 861 1770 non
882 1702 985 1785 mihi,
1003 1702 1093 1771 hano
1108 1726 1223 1771 rerum
1241 1700 1382 1769 difficul-

193 1854 195 1861 v
255 1834 257 1839 ’
324 1836 427 1887 tutem
445 1844 452 1886 ι
472 1820 565 1889 nulla
585 1836 635 1888 est
651 1836 765 1889 autem
779 1819 854 1887 sine
871 1816 1072 1887 dillionltste
1087 1817 1268 1886 subtiliter.
1286 1816 1383 1886 Paulo

325 1951 404 2005 ante
417 1936 558 2029 pictoris
572 1936 722 2031 imagine
734 1934 857 2004 utebar
873 1960 882 2001 ι
903 1932 982 2013 ille,
997 1956 1102 2023 quum
1114 1930 1263 1999 reddere
1279 1932 1385 2023 Virgi-

326 2050 409 2118 lium
419 2048 590 2117 coloribus
597 2049 700 2118 vellet
709 2070 726 2134 ,’
733 2050 843 2142 ipsum
857 2046 1071 2133 intuebatur3
1084 2044 1163 2113 iden
1174 2059 1249 2114 erat
1257 2045 1386 2138 Virgilii

327 2167 453 2246 facies,
470 2165 576 2233 futuri
594 2166 708 2258 operis
722 2163 915 2256 exemplam
936 2186 978 2229 et
992 2162 1059 2230 hso
1076 2159 1170 2253 quod
1189 2161 1310 2229 artilex
1321 2176 1386 2227 trs-

272 2306 301 2361 13
327 2282 399 2367 hit,
428 2297 462 2349 et
481 2282 577 2375 operi
597 2304 657 2349 suo
676 2281 853 2374 imposuit,
873 2276 952 2364 aldor
969 2294 1032 2349 est.
1052 2316 1102 2332 ··-
1122 2276 1219 2371 Quid
1236 2279 1385 2359 intersit,

327 2395 689 2489 qnaerisl-Alterum
700 2396 948 2487 exemplemur,
963 2393 1107 2463 alterum
1120 2393 1389 2462 lormaaberem·

326 2514 413 2607 pluri
429 2527 561 2605 sumpta
575 2522 609 2578 et
623 2511 717 2603 operi
738 2511 905 2603 imposita.
925 2501 1076 2577 Alte‘ram
1091 2503 1212 2577 artilex
1229 2509 1386 2590 imitatur,

326 2630 468 2697 alterum
494 2627 586 2694 facit.
615 2625 726 2693 Habet
754 2625 904 2717 aliquam
930 2626 1050 2693 laoiem
1073 2628 1228 2693 stutuo²z
1255 2624 1329 2694 brec
1346 2639 1392 2692 est

329 2740 418 2828 εἶδος.
448 2742 559 2811 Habet
583 2740 732 2835 aliquam
754 2742 873 2813 faciem
891 2741 1061 2835 exemplar
1080 2742 1215 2835 ipsum,
1232 2738 1325 2833 quod
1339 2741 1392 2808 in-

330 2880 431 2929 tuens
443 2860 556 2954 opifex
569 2874 710 2927 statuam
729 2859 890 2951 figurarit
907 2884 915 2925 ε
938 2860 1013 2927 haee
1025 2859 1103 2927 idea
1115 2875 1180 2927 est.
1193 2861 1393 2927 'Etiamnunc

327 2974 427 3053 aliam
456 2970 628 3041 desideras
652 2972 929 3045 distinctionem?
947 2973 1026 3041 Idos
1048 2974 1085 3040 in
1108 2997 1214 3068 opere
1225 2988 1303 3060 est3
1323 2972 1394 3043 idea

330 3104 424 3157 extre
450 3109 535 3179 opus
559 3111 568 3153 ε
596 3108 661 3153 neo
680 3101 810 3153 tantum
823 3100 916 3154 extra
932 3108 1016 3179 opus
1029 3102 1102 3168 est3
1126 3086 1186 3156 sed
1205 3101 1284 3154 ante
1298 3108 1390 3179 opus.

276 3236 306 3289 ¹⁹
331 3205 499 3298 Quintum
524 3225 634 3301 genus
656 3215 707 3269 est
728 3225 867 3284 eorum,
886 3227 959 3297 quse
974 3206 1191 3287 commniter·
1209 3222 1310 3271 sunt.-
1328 3202 1396 3272 haec

330 3321 500 3413 inoipiunt
517 3316 562 3385 ad
584 3341 646 3385 nos
668 3317 863 3409 pertinere3
885 3314 943 3385 hio
966 3331 1045 3385 sunt
1064 3319 1196 3398 omnia,
1217 3317 1393 3396 homines,

331 3458 473 3531 pecora,
499 3458 566 3503 res.
592 3434 728 3502 Sextum
753 3457 860 3526 genus
885 3457 1004 3506 eorum
1020 3450 1088 3518 est,
1108 3438 1292 3534 qrtoequnsi
1303 3450 1395 3515 sunt;

332 3571 495 3647 tanquam
513 3552 640 3630 inane,
661 3565 822 3647 tanquam
840 3564 984 3650 tempus.
1121 3533 1123 3536 ’

333 3796 399 3849 sima
418 3792 542 3847 Brackeri
557 3794 589 3846 de
607 3792 674 3846 ldeis
688 3790 848 3848 Dissertatio„
891 3811 960 3845 nuno
970 3793 1039 3858 alda,
1058 3812 1127 3847 nuno
1139 3794 1222 3859 itta,
1244 3806 1296 3847 eto·
1313 3791 1402 3845 nnat.

371 3892 392 3924 ι.
405 3872 537 3943 Quor-trun
548 3884 594 3925 ete.
606 3870 740 3923 Platonem
751 3869 801 3923 hoo
807 3869 845 3922 di·
924 3888 948 3922 ι.
958 3868 1051 3923 Habet
1057 3873 1284 3944 olr'quomsociem
1295 3882 1398 3925 statuo:

336 3949 445 4003 sorimen
452 3949 613 4015 interime,
624 3960 649 4000 et
657 3950 716 4001 idos
725 3947 844 4017 ignorare
890 3945 944 4001 doec
954 3958 995 4001 ert
1004 3946 1077 4011 εἶδος.
1084 3948 1170 4003 Verba
1177 3950 1222 4003 ists
1233 3968 1317 4021 qnam
1327 3950 1355 4001 in
1362 3949 1400 4002 ed.

339 4025 425 4079 docuit
443 4026 556 4079 llleiners
579 4026 670 4080 Gesclt.
682 4028 730 4078 der
751 4022 843 4078 Wiss.
890 4023 995 4098 Bipont.
1012 4039 1106 4081 temera
1120 4028 1286 4101 pretermisso
1304 4039 1400 4090 essem,

337 4104 377 4169 11,
386 4124 411 4176 p
424 4102 481 4156 sor.
490 4104 595 4157 Formas
608 4103 664 4157 illm
671 4116 776 4157 eternas
787 4123 845 4177 pro·
892 4103 986 4175 pariter
1002 4106 1031 4158 iu
1042 4107 1082 4160 ed.
1092 4106 1177 4159 naht.
1190 4119 1214 4158 et
1224 4106 1319 4159 Mattio.
1334 4105 1401 4159 desi·

339 4180 434 4237 mistue
460 4193 533 4243 rorat
552 4181 624 4238 Plsto
648 4182 717 4237 nune
738 4182 842 4250 tisim„
893 4182 1021 4241 derantur.
1033 4184 1102 4240 Hac
1111 4184 1228 4242 mihitur
1238 4184 1268 4238 in
1278 4183 1368 4239 cett
1378 4197 1401 4239 st
