2975 4992
317 494 386 578 sse
609 488 651 558 t.
677 488 851 557 suurn
875 486 1091 558 sennen

315 621 397 714 quia
410 621 518 689 omnis
529 622 639 688 virtus
651 636 687 687 et
700 642 785 713 opus
801 642 902 688 omne
919 619 1053 687 virtutis
1070 621 1308 717 incorruptum
1320 637 1385 685 mn·

315 752 386 804 net.
414 734 566 821 Deinde,
591 736 723 805 etiamsi
746 736 847 805 amici
867 736 1073 829 perierunt,
1093 734 1222 804 etiamsi
1254 732 1384 827 probuti

313 854 625 947 respondentesque
640 869 720 921 voto
736 854 844 947 patris
858 852 980 938 liberi3
1001 867 1052 923 est
1069 852 1161 945 quod
1174 851 1312 920 illorum
1325 874 1382 919 ex-

313 967 406 1061 plent
424 969 548 1036 locum.
564 1006 604 1022 ·-
617 968 714 1061 Quid
729 970 791 1051 sit,
810 970 936 1061 quoeris
948 970 1023 1037 i*-
1033 963 1138 1060 Quod
1156 967 1232 1036 illos
1248 991 1382 1061 quoque

259 1100 289 1151 ιι
313 1081 420 1151 bonos
439 1084 595 1152 feeemt:
620 1086 748 1152 Virtus.
770 1086 849 1152 Haeo
868 1081 980 1151 nihil¹
1002 1106 1125 1152 vacere
1141 1083 1271 1175 petitur
1293 1080 1379 1168 loci3

314 1214 419 1267 totum
428 1202 576 1269 animum
586 1216 700 1286 tenet,
717 1200 925 1269 desiderium
936 1199 1086 1267 omnium
1100 1196 1208 1282 tollit·‚
1223 1195 1296 1264 sola
1306 1198 1382 1265 setis

315 1330 388 1383 est:
403 1316 554 1385 omnium
567 1316 658 1384 enim
669 1316 837 1383 bonorum
849 1316 902 1382 ris
918 1328 953 1381 et
965 1314 1061 1404 origo
1073 1313 1110 1379 in
1124 1310 1197 1405 ipsa
1212 1326 1276 1379 est.
1290 1310 1382 1403 Quid

314 1432 440 1520 refert,
461 1458 507 1502 an
524 1450 613 1526 equa
628 1432 817 1500 decurrens
839 1430 1076 1523 intercipiatur
1091 1440 1197 1521 etque
1214 1426 1335 1515 abent,
1355 1430 1382 1497 si

314 1550 407 1634 sons,
425 1575 466 1618 ex
480 1575 549 1643 quo
562 1547 706 1619 fluxerat
713 1600 725 1634 ,
742 1546 855 1617 sulvus
867 1548 943 1615 est?
954 1548 1031 1615 Non
1041 1544 1135 1614 dices
1147 1545 1251 1613 ritum
1260 1545 1382 1638 justio-

314 1687 385 1735 rem
406 1667 507 1736 salvis
518 1666 659 1748 liberis,
678 1688 780 1757 quum
794 1664 942 1747 amissis,
964 1683 1028 1731 nec
1041 1661 1305 1747 ordinatiorem,
1322 1684 1382 1732 neo

312 1782 588 1876 prudentiorem,
604 1806 668 1851 nec
680 1782 909 1851 honestiorem
928 1802 1034 1874 :ergo
1051 1804 1095 1848 ne
1113 1780 1292 1849 meliorem
1306 1782 1382 1874 qui-

313 1897 403 1967 dem.
431 1902 509 1969 Non
535 1899 615 1967 lucit
638 1898 794 1967 collectio
818 1898 1004 1965 amicorum
1028 1897 1295 1990 sapientiorem,
1317 1920 1382 1965 non

314 2015 396 2084 iacit
414 2015 604 2083 stultiorem
617 2013 783 2083 detractio
796 2040 805 2079 t
819 2034 902 2107 ergo
913 2010 1194 2093 neebeatiorem,
1214 2026 1275 2079 eut
1285 2013 1384 2080 mise-

313 2131 452 2198 riorem.
470 2127 655 2222 'Quamdiu
671 2130 780 2197 virtus
802 2128 892 2197 salve
911 2128 1042 2213 luerit,
1067 2149 1135 2196 uon
1154 2128 1282 2196 senties
1302 2127 1384 2221 quid

312 2247 550 2317 abscesserit&

237 2341 289 2419 '²6
361 2361 457 2454 Quid
471 2362 579 2456 ergo?
593 2382 663 2428 non
680 2377 731 2429 est
746 2358 878 2428 beatior
894 2377 929 2428 et
945 2362 1129 2429 amicorum
1145 2373 1181 2427 et
1195 2358 1384 2429 liberorum

313 2479 413 2547 turbu
426 2481 641 2548 succinctus?
652 2518 697 2533 -
710 2474 844 2569 Quidni
856 2500 926 2545 non
943 2478 1013 2546 sit?
1028 2479 1202 2547 Summum
1216 2481 1309 2547 enim
1325 2479 1384 2547 bo-

313 2616 394 2661 num
417 2618 482 2662 nec
503 2592 717 2686 infringitur,¹
737 2614 802 2658 nec
817 2605 977 2682 augetur3
997 2592 1034 2657 in
1049 2613 1110 2659 suo
1127 2592 1227 2661 modo
1247 2614 1382 2685 perma-

312 2710 592 2805 net,·utcumque
612 2709 747 2777 fortuna
760 2731 796 2776 se
810 2708 915 2799 gessit
933 2734 940 2774 2
962 2710 1032 2777 sive
1044 2708 1094 2776 illi
1112 2724 1270 2778 senectus
1281 2710 1383 2804 longe

311 2828 468 2921 contigit,
481 2828 553 2896 sive
565 2827 652 2894 citra
666 2830 873 2893 senectutem
884 2825 1002 2894 finitus
1011 2842 1080 2910 est,
1096 2826 1214 2895 eedem
1225 2852 1384 2899 mensura

311 2946 434 3012 summi
448 2945 532 3013 Boni
550 2960 619 3027 est,
638 2942 793 3035 quamvis
804 2943 910 3009 aetutls
923 2940 1057 3011 diversa
1071 2945 1125 3012 sit.
1143 2946 1265 3023 Utrum
1281 2948 1385 3041 majo

310 3086 382 3130 rem
395 3086 440 3130 en
460 3063 627 3129 minorem
639 3057 804 3127 circulum
822 3057 970 3140 scribas,
987 3056 1031 3125 ed
1044 3062 1192 3153 spatium
1206 3063 1282 3156 ejus
1300 3088 1386 3158 per-

309 3181 415 3263 tinet,
433 3202 502 3247 non
519 3176 563 3245 ad
581 3178 722 3245 formam
738 3202 746 3243 :
762 3174 941 3243 licetalter
958 3175 1018 3244 diu
1032 3181 1212 3264 manserit,
1234 3182 1382 3250 alterum

307 3403 386 3455 mode
399 3400 496 3453 malum
511 3399 580 3452 bono
594 3396 821 3463 nonsuctesserit,
867 3397 1010 3469 frangitur,
1030 3409 1057 3451 tn
1075 3418 1129 3451 nou
1146 3400 1260 3453 dolebis:
1274 3402 1298 3455 si
1311 3422 1384 3457 emes

306 3481 367 3534 licet
377 3478 475 3531 bonum
487 3478 538 3547 jam
550 3496 605 3529 uon
621 3488 751 3550 apparent,
764 3496 819 3529 nou
867 3474 951 3529 filium
964 3488 1007 3528 sut
1018 3492 1123 3527 uxorem
1136 3488 1222 3543 tuam,
1242 3478 1285 3531 die
1297 3479 1347 3532 tibi
1358 3493 1383 3534 te

305 3574 391 3612 tamen
403 3559 478 3611 abiit:
486 3556 555 3629 quod
566 3549 668 3629 ¹quidem
677 3557 753 3630 paulo
761 3576 819 3609 eeu·
866 3570 950 3606 amare
960 3552 1036 3607 morti
1047 3553 1187 3619 obnoxio„
1198 3556 1253 3609 etsi
1265 3556 1383 3610 moriun-

305 3639 355 3689 tius
368 3654 397 3690 se
408 3636 523 3689 subtil'ms
530 3638 615 3687 forsan
624 3634 758 3688 videbitur.
866 3646 916 3698 tur,
924 3644 951 3685 tu
959 3652 1011 3685 non
1021 3634 1128 3688 dolebis.
1135 3658 1149 3685 o
1160 3639 1242 3709 Atque
1249 3637 1320 3690 idern
1327 3638 1382 3691 elio

341 3737 361 3767 ι.
372 3716 439 3769 Hoec
456 3716 567 3769 aitte...
580 3719 641 3780 loci,
665 3714 693 3765 in
711 3712 816 3777 animo,
866 3712 938 3765 loeo:
953 3734 966 3759 ι
976 3711 1004 3764 Si
1015 3712 1087 3767 vides
1097 3714 1207 3787 aliquem
1218 3714 1314 3769 amisso
1326 3716 1383 3770 filio

303 3795 424 3867 quonism
436 3808 518 3847 totum
531 3804 645 3866 occupat.
866 3791 1010 3864 lugentem,
1027 3810 1059 3845 ne
1075 3792 1148 3845 illum
1162 3794 1292 3849 infelicem
1306 3796 1382 3849 ariri-

336 3897 359 3927 2.
379 3874 441 3927 Non
458 3874 553 3926 senties
571 3874 639 3941 quid
654 3872 815 3924 abscesserit.
864 3872 937 3923 tretis
946 3888 1007 3925 :ner
1017 3884 1103 3925 temen
1114 3872 1210 3925 shnum
1221 3874 1310 3947 lugere
1320 3892 1379 3929 eum

302 3948 816 4024 Absolutissimsimperturbatio,apathia,
864 3947 924 4009 illo,
935 3950 957 4003 si
969 3968 1069 4004 necesse
1080 3964 1132 4014 οιις
1147 3952 1190 4004 scd
1202 3971 1261 4005 cave
1275 3972 1309 4005 ne
1323 3954 1381 4007 mi-

300 4031 386 4084 lrsbita
397 4032 473 4084 luisse
486 4030 587 4082 videtur
596 4048 611 4080 a
619 4027 705 4079 stoicis
717 4025 815 4077 virtutis
863 4026 1000 4081 sericordia
1009 4029 1074 4081 intra
1083 4030 1336 4095 venustaretur,
1345 4052 1379 4084 ne

298 4129 398 4161 summa
410 4109 538 4181 perfectio.
549 4107 679 4179 Epictetus
692 4107 707 4175 ς
719 4100 749 4168 8,
769 4104 815 4155 in·
863 4105 916 4178 ipse
932 4107 966 4159 sir
978 4106 1064 4160 dolore
1080 4126 1140 4159 vero
1158 4108 1303 4162 sillictus.»
1320 4112 1380 4183 lpse

297 4189 369 4256 quit:
384 4206 398 4233 κ
413 4186 441 4238 Si
454 4206 523 4238 ernas
535 4204 579 4237 ras
594 4184 686 4250 fictile,
707 4184 750 4237 die
767 4182 813 4235 tibi
863 4184 966 4237 Murus
976 4184 1147 4239 Aureliuslilt.
1157 4188 1221 4252 Vllj
1231 4188 1246 4257 ς
1258 4188 1300 4255 43,
1322 4189 1378 4241 ait:

297 4273 349 4341 ipse
361 4282 386 4320 te
397 4264 475 4320 fictile
496 4285 540 4318 ros
557 4286 657 4333 amam
671 4276 694 4317 et
708 4262 729 4317 si
747 4265 811 4319 forte
865 4286 878 4311 ι
887 4260 1085 4345 Nelugeascum
1094 4263 1249 4336 lugentibus,
1260 4266 1377 4320 necillo·
