2975 4992
193 362 197 377 ¹
293 408 361 492 aar
580 403 620 470 n.
648 398 824 469 namur
848 398 1065 469 sarraca

294 539 385 605 inter
398 543 473 629 qum
488 536 682 613 eminuere,
707 530 887 615 labuntur,
908 544 941 596 et
962 528 1039 596 iilos
1062 527 1268 621 degravant¹
1293 530 1364 621 ipsa

240 680 271 732 ις
294 675 370 744 quae
385 649 584 719 extuierant.
607 647 688 716 iden
700 644 1210 739 adhibeaturprudeutia,quae
1226 644 1363 712 modum

294 766 364 835 iilia
379 792 419 834 ac
439 765 681 859 parcimoniam
702 764 870 856 imponat3
896 762 1052 854 quoniam
1073 760 1210 853 quidem
1226 761 1365 829 iicentia

294 906 375 975 opes
390 904 467 948 ruat
480 878 671 972 prmcipitet
684 890 787 968 atque
801 892 918 970 urget,
936 899 1000 944 nec
1019 898 1169 967 uuquam
1185 876 1364 942 immodim

295 997 475 1077 durarunt,
487 996 553 1062 uisi
564 994 623 1061 illa
638 992 843 1060 moderatrix
853 993 951 1059 Ratio
965 992 1183 1083 compescuit.
1197 993 1271 1058 Hoc
1283 990 1366 1057 mul-

295 1130 402 1182 tarum
416 1112 478 1179 tibi
492 1110 626 1178 urbium
641 1106 796 1176 ostendet
809 1122 968 1188 eventus,
983 1130 1127 1199 quarum
1142 1107 1177 1174 in
1192 1106 1268 1200 ipso
1283 1106 1364 1173 flore

198 1238 202 1245 '
295 1226 467 1294 luxuriosa
483 1224 626 1317 imperia
643 1220 858 1305 ceciderunt,
880 1233 931 1303 et,
957 1220 1127 1311 quidquid
1144 1222 1271 1288 virtute
1286 1244 1366 1313 par-

295 1358 366 1412 tum
396 1356 493 1421 erat,
524 1337 785 1431 intemperantia
811 1336 953 1403 corruit.
983 1337 1157 1405 Adversus
1181 1336 1244 1405 hoa
1270 1360 1366 1405 catus

295 1458 470 1527 muniendi
486 1480 613 1526 eumue.
628 1455 749 1523 Nullus
767 1469 878 1522 autern
898 1469 1015 1521 contra
1037 1453 1205 1523 fortunam
1223 1455 1366 1547 inexpu-

238 1599 269 1634 ιο
295 1573 444 1667 guabilia
456 1597 573 1641 murus
591 1587 666 1640 eat:
687 1573 777 1639 intua
796 1571 1003 1639 instruamur
1015 1565 1049 1635 ²!
1069 1570 1104 1638 Si
1123 1569 1181 1638 illa
1200 1592 1281 1662 pars
1295 1586 1365 1637 tutn

292 1707 366 1776 eet,
386 1690 515 1784 pulsari
537 1690 638 1757 homo
663 1702 793 1782 potest,
810 1688 885 1781 capi
905 1710 975 1755 non
993 1701 1116 1779 potest.
1141 1724 1180 1737 -
1198 1686 1307 1777 Quod
1326 1687 1366 1753 sit

297 1807 363 1875 hoc
380 1808 657 1887 instrumentum,
678 1805 766 1872 scire
786 1801 1149 1877 desiderari—Nihil
1166 1800 1367 1895 indignetur

294 1924 363 1992 eibi
372 1922 528 1992 accidere
539 1950 548 2007 3
558 1922 731 2012 sciatque,
749 1920 911 2013 illaipsa,
930 1919 1054 2011 quibua
1068 1918 1143 1988 laedi
1158 1918 1311 2002 videtur,
1324 1920 1367 1987 ad

292 2039 586 2107 ‘conservationem
608 2038 761 2106 universi
784 2035 977 2130 pertinere,
998 2051 1033 2104 et
1050 2060 1090 2103 ex
1104 2036 1158 2105 hia
1180 2060 1274 2118 esee,
1295 2060 1368 2128 quae

298 2175 433 2220 currum
452 2150 570 2218 mundi
586 2151 805 2243 officiumque
819 2165 1062 2217 consummant.
1083 2149 1218 2219 Placeat
1236 2149 1368 2218 homiui

298 2263 469 2358 quidquid
489 2267 562 2333 Deo
583 2257 732 2358 placuit³
752 2264 822 2334 :ab
839 2265 904 2333 hoc
924 2289 961 2333 se
985 2268 1093 2358 iprum
1113 2289 1244 2359 suaque
1267 2269 1369 2335 mire·

298 2396 370 2463 tur,
388 2380 482 2473 quod
499 2406 567 2450 non
582 2397 691 2474 potest
704 2384 813 2466 vinci,
833 2382 927 2473 quud
940 2381 1026 2449 mala
1039 2383 1112 2475 ipra
1124 2382 1187 2451 auh
1202 2407 1239 2451 ae
1256 2396 1366 2467 tenet3

297 2497 390 2589 quod
401 2498 550 2580 ratione,
567 2521 635 2589 qua
649 2497 815 2565 valentius
828 2498 915 2569 nihil
926 2514 1000 2582 eet,
1019 2523 1133 2567 eanum
1147 2499 1369 2590 doloremque

241 2648 270 2679 αι
298 2631 332 2683 et
344 2614 505 2707 injuriam
514 2614 656 2709 subigit.
672 2615 756 2683 Ama
764 2617 941 2684 Rationem
957 2642 964 2683 :
982 2616 1084 2708 hujus
1095 2632 1130 2684 te
1141 2640 1238 2685 amor
1250 2632 1369 2685 contra

298 2730 479 2813 duriaaima
500 2731 658 2799 armabit.
684 2733 790 2799 Feras
810 2732 997 2800 catulorum
1020 2754 1114 2799 amor
1138 2733 1174 2798 in
1200 2732 1369 2801 venabula

298 2847 476 2939 impingit,
495 2845 679 2937 feritasque
690 2860 724 2912 et
736 2844 947 2913 inconsultus
960 2845 1107 2938 impetus
1118 2861 1257 2939 praestat
1269 2844 1370 2913 indo-

299 2964 397 3031 mitae
414 2989 422 3029 ε
435 2961 604 3054 juvenilia
625 2984 879 3052 nonnumquam
904 2961 1040 3053 ingenia
1054 2959 1178 3054 cupido
1200 2961 1318 3054 gloriae
1334 2962 1369 3027 in

299 3092 528 3171 contemptum
544 3094 610 3142 tam
626 3076 721 3157 ferri,
734 3100 836 3167 quam
846 3076 990 3169 ignium,
1005 3078 1116 3163 misit3
1129 3078 1261 3170 species
1275 3101 1371 3169 quos-

300 3193 375 3261 dam
390 3209 492 3283 atque
510 3190 631 3259 umbra
644 3192 779 3263 virtutis
797 3193 835 3259 in
848 3207 991 3261 mortem
1006 3192 1228 3263 uoluntariam
1246 3193 1367 3265 trudit.

300 3457 314 3483 ι
322 3433 440 3489 Potentia
448 3454 505 3507 quoe
517 3435 612 3502 nimir,
624 3447 752 3504 postremo
760 3436 811 3489 ruit
859 3440 1063 3504 tunae‘debemm,
1072 3440 1180 3494 sortuuae
1190 3440 1370 3507 ohnoxiasint,

299 3534 375 3588 nuper
386 3514 476 3587 iprum.
490 3537 504 3562 r
860 3536 907 3569 uos
924 3518 991 3569 intus
1008 3516 1122 3571 animum
1136 3530 1251 3571 nuruum
1265 3520 1372 3571 munia-

336 3612 357 3645 r.
367 3592 404 3644 Et
414 3593 634 3663 illasdegmoant.
648 3595 698 3645 lut.
712 3611 740 3644 ra
749 3592 810 3663 qui·
860 3614 930 3659 mus,
942 3609 985 3657 ut,
1002 3595 1156 3663 inmissis,
1169 3616 1242 3668 aequt
1258 3600 1336 3652 furtes
1349 3611 1372 3651 et

299 3670 347 3725 but
357 3668 416 3724 freti
425 3689 479 3723 tere
489 3682 630 3732 erexerant,
646 3690 724 3740 quum
741 3669 812 3723 ceci·
860 3669 953 3725 hilares
965 3693 1120 3729 maneamus.

300 3750 372 3815 (Ιοω,
385 3768 471 3802 seeum
482 3767 524 3801 eet
535 3745 600 3817 ipim
614 3747 717 3803 trahunt
726 3748 812 3813 ,ruir-
893 3748 917 3801 3.
929 3751 1040 3805 Placeat
1052 3750 1153 3805 domini
1169 3757 1305 3827 quidquid
1315 3756 1373 3809 Deo

300 3845 349 3897 que
357 3825 436 3879 ruinis
444 3838 551 3878 onerant
559 3843 565 3877 τ
574 3824 649 3897 pride
659 3826 742 3881 brun
752 3845 812 3879 am·
859 3829 1029 3896 placuitsflic
1036 3830 1105 3883 euim
1116 3830 1173 3883 finis
1182 3831 1312 3896 hominis,
1322 3836 1373 3886 Na-

299 3902 414 3956 bitioriua
434 3902 510 3955 vertit
529 3900 670 3973 logrange
682 3922 692 3955 .·
705 3902 744 3956 Et
756 3905 815 3957 leur
861 3918 944 3958 turam
952 3906 968 3959 i.
977 3906 1099 3971 aldeam,
1109 3909 1188 3979 aequi.
1199 3908 1305 3965 ιρι-Μ.
1316 3917 1372 3965 Au·

295 3983 428 4050 pie'destal
438 3980 601 4035 devunueur
611 3981 739 4046 ‘umbem
860 3984 1009 4051 ton.11‚3,
1023 3985 1058 4049 V,
1072 3988 1103 4045 8.
1123 3988 1159 4039 καὶ
1173 3988 1246 4049 οὕτως
1260 3993 1371 4055 ἀσπάζου

334 4056 811 4126 2.Iatusimtruamur.Quoniamnou
860 4060 1369 4135 πᾶντὶγινὸμινονμᾷνἀπηνίστιροιδοιῇ,

300 4135 435 4206 prohibere
442 4134 811 4209 pomummquinmqttoesor·
861 4139 937 4191 utet
955 4141 1003 4194 ini·
1016 4143 1093 4211 ἔχειν,
1111 4144 1149 4195 ἰπὶ
1163 4146 1205 4201 τὶν
1224 4152 1267 4197 τοῦ
1284 4146 1370 4213 κόσμον
