2975 4992
360 440 423 552 ψ’
641 456 682 525 n.
707 438 884 527 inunt
908 444 1118 531 source

355 610 510 692 dinariis,
531 634 605 702 quae
622 590 701 679 licet
716 611 867 699 differre,
883 614 964 683 licet
980 618 1145 711 castigarc
1157 633 1191 685 ot
1203 618 1406 710 opprimere,

354 724 420 796 hoo
436 752 540 795 unum
559 729 853 797 commonefaciam
871 757 878 797 :
896 732 963 799 leta
979 732 1133 825 voluptas
1147 732 1310 801 naturalia
1326 739 1407 818 ¹eet,

355 866 423 911 non
445 846 656 931 necessaria3
677 844 759 913 huic
789 846 876 913 nihil
906 847 1030 932 debes;
1059 850 1088 916 ei
1115 847 1200 941 quid
1223 849 1409 942 impendia,

353 957 579 1025 voluntarium
593 972 654 1024 eet.
671 956 801 1025 Venter
811 970 978 1052 praeoepta
990 985 1058 1028 non
1072 962 1201 1046 audit²3
1218 964 1346 1056 poscit,
1360 965 1413 1032 ud-·

354 1071 458 1165 pellat
481 1098 488 1137 τ
509 1094 577 1139 non
597 1088 777 1141 esttamen
792 1075 949 1143 molestus
964 1075 1134 1166 creditorp
1154 1086 1258 1171 parvo
1274 1078 1414 1147 dimitti-

354 1204 423 1273 tur,
436 1190 464 1257 si
478 1187 575 1256 modo
590 1186 650 1256 das
662 1190 713 1257 illi
726 1190 818 1281 quod
831 1190 933 1259 debeo
942 1184 969 1274 ³,
983 1213 1053 1261 uon
1067 1193 1159 1286 quod
1177 1190 1307 1289 ‘polea
1321 1197 1412 1264 Vale.

354 1398 393 1452 hit
410 1399 539 1452 adnotavit
558 1400 653 1472 Opaop.
675 1404 718 1451 a‘ut
736 1395 810 1453 Gmt„
828 1403 864 1453 Ae
911 1397 1016 1471 licilead
1023 1404 1416 1480 potiendumgtertiaeplaneiua·

353 1487 405 1528 non
417 1477 449 1529 de
460 1479 515 1529 illia
528 1479 585 1529 iuna.
599 1478 654 1531 Par.
665 1499 691 1530 a.
705 1478 729 1533 b.
744 1481 771 1532 d.
783 1499 816 1533 ue
834 1479 861 1533 id
910 1486 955 1534 nea
965 1494 991 1534 et
999 1483 1134 1554 ejiciendas
1144 1484 1259 1539 funditus
1271 1486 1374 1557 putavit.
1386 1479 1416 1537 L

353 1552 458 1625 quidem
469 1553 544 1606 male.
555 1552 637 1607 Scdw.
943 1580 966 1611 a.
978 1560 1113 1629 Praecepta
1124 1582 1177 1614 non
1186 1564 1271 1615 audit.
1280 1561 1344 1614 Cato
1354 1562 1417 1637 apud

389 1649 411 1686 1.
430 1634 490 1685 Isto
512 1636 635 1700 voluptas
656 1636 788 1687 uoluentis
816 1633 862 1687 eat.
909 1641 942 1692 A.
960 1629 1074 1693 Gellium
1095 1640 1239 1693 :Artium
1252 1636 1294 1693 od
1307 1653 1417 1695 worma

352 1708 478 1783 Epicurua
496 1708 623 1763 dividebat
640 1711 805 1784 cupiditatum
816 1732 864 1785 gez
909 1718 988 1770 verbo
998 1720 1105 1789 fucere,
1129 1722 1177 1788 qui
1190 1732 1278 1772 careat
1301 1722 1418 1773 aurelius.

353 1804 412 1838 nera
431 1786 485 1853 (ait
498 1786 587 1839 Cicero
598 1788 623 1839 V
637 1788 731 1864 Tuae.)
750 1809 803 1841 nou
811 1788 862 1842 'ui-
911 1796 954 1849 sie
963 1794 1060 1849 Gallice
1070 1818 1076 1848 :
1088 1792 1418 1868 Ventreuffame'n’apoint'

352 1866 400 1918 mia
408 1865 510 1917 fortasse
519 1864 650 1929 subtiliter,
661 1867 756 1921 utiliter
766 1881 860 1931 tamen.
910 1874 1046 1925 d'oreillea.

352 1944 442 2017 partim
453 1962 505 1997 eaae
517 1945 641 1998 naturales
653 1960 678 1999 et
690 1948 861 2014 ueceaaariaa3
942 1947 967 1997 3.
989 1946 1072 2019 Quod
1087 1951 1170 2003 debes.
1187 1950 1300 2023 Simplex
1315 1950 1418 2022 aliquid.

351 2022 440 2093 partim
460 2022 584 2075 naturales
596 2035 621 2075 et
631 2042 684 2075 nou
695 2026 860 2090 ueceaaariaa;
910 2023 985 2095 Lips'.

351 2099 442 2173 partim
470 2112 605 2165 neutrum
627 2102 753 2155 naturales
777 2104 861 2156 tatiari
943 2106 967 2171 4.
990 2103 1071 2175 Quod
1082 2110 1179 2175 polea:
1197 2106 1296 2160 lautum
1320 2120 1363 2159 aut
1379 2107 1421 2159 al-

351 2176 512 2248 peueuilrilo,
524 2196 571 2230 nec
578 2179 715 2232 secundom
725 2192 805 2251 genua
812 2177 862 2233 dil·
911 2183 1013 2250 duona,
1026 2182 1048 2236 ai
1059 2196 1086 2237 tu
1098 2184 1150 2257 ipae
1161 2184 1225 2239 talis.
1235 2186 1309 2254 Ia'pt.

352 2345 1420 2387 Q

628 2502 942 2600 EPISTOLA
971 2516 1129 2603 XXII.

818 2698 949 2719 -10-

475 2830 518 2881 uu
535 2842 665 2882 nonore
682 2842 839 2885 nomme.
857 2848 899 2898 ou
914 2830 1104 2890 foorrnora
1121 2845 1298 2897 necorrrs.

383 2948 511 3004 Lucilium
523 2949 555 3002 de
567 2950 689 3004 molestiis
700 2953 878 3021 acerhiaaimia‚
889 2977 951 3028 quaa
960 2958 1009 3012 aibi
1022 2963 1165 3034 procuratio
1177 2965 1275 3020 sicilia
1288 2980 1372 3031 ercet,
1384 2970 1428 3022 lit·

349 3037 409 3089 teria
420 3036 451 3089 ad
466 3034 590 3090 Senecam
601 3036 696 3101 πιίεεὶι,
709 3052 893 3110 conqueatum,
909 3062 957 3097 uec
970 3048 1100 3116 quomodo
1113 3050 1195 3103 erbis
1209 3051 1303 3105 officiis
1315 3066 1341 3107 et
1353 3054 1428 3109 diffi-

350 3120 482 3174 cultatibus
499 3134 610 3191 emergat
620 3120 753 3174 habentem
764 3161 771 3188 ‚
785 3140 873 3178 mouet
890 3128 1003 3197 Seneca,
1015 3144 1044 3184 ut
1059 3133 1111 3207 ipae
1131 3135 1248 3209 dispiciat
1260 3141 1427 3193 occasionem

350 3203 484 3269 elabendi,
495 3223 572 3275 eaque
583 3205 676 3276 optime
692 3218 792 3273 utatur,
805 3209 846 3262 vel
861 3231 918 3264 cum
936 3212 1068 3287 dispendio
1085 3217 1153 3273 ritae.
1169 3220 1223 3275 Sed
1240 3222 1295 3277 ltaec
1311 3225 1429 3278 circum-

349 3289 443 3361 apectio
459 3286 501 3343 liat
515 3288 653 3359 tranquillo
666 3290 769 3359 animo,
781 3294 889 3347 oeculla
900 3300 1094 3371 occupationum
1110 3305 1208 3378 praemii
1217 3309 1318 3362 ratione
1327 3310 1428 3363 habita

349 3372 424 3443 Quod
436 3374 570 3426 consilium
581 3387 608 3425 ut
622 3372 774 3444 confirmet,
786 3378 859 3430 offert
867 3382 984 3451 quadam
994 3392 1024 3437 ei
1037 3385 1141 3459 epistola
1152 3390 1258 3462 Epicuri
1267 3390 1301 3443 ad
1318 3392 1429 3446 Idome-

350 3478 407 3519 nea,
416 3458 559 3511 ministrnm
570 3458 636 3532 regie
643 3458 758 3527 alicuine,
767 3461 808 3514 cui
818 3464 916 3517 eaedem
927 3468 1052 3523 moleatiaa
1062 3487 1199 3543 conquesto
1206 3476 1274 3528 idem
1282 3477 1429 3531 couailium

351 3542 461 3595 dederat.
469 3543 509 3596 Ad
524 3543 576 3596 haec
588 3542 636 3595 viri
645 3544 717 3595 sortia
730 3558 777 3607 eat,
792 3566 844 3599 uon
855 3548 941 3603 cedere
952 3554 1042 3619 oneri,
1053 3557 1097 3610 ced
1109 3556 1162 3632 ipsa
1173 3544 1431 3617 rerumdifficultate

349 3624 462 3677 illectum
475 3626 540 3679 vireo
553 3646 609 3679 anas
622 3628 735 3699 experiri.
751 3629 870 3687 Clausula
884 3648 919 3686 eat
931 3635 963 3688 ab
973 3638 1084 3711 Epicuro
1095 3659 1103 3693 ε
1115 3643 1214 3696 Ouauea
1225 3644 1292 3698 exire
1303 3666 1432 3718 puerone

350 3708 417 3776 vita,
431 3710 448 3765 i.
457 3730 479 3763 e.
491 3728 561 3763 veroe
570 3710 629 3765 ritae
640 3711 751 3785 ignaros.

633 3844 744 3883 aenaea
762 3840 889 3888 uuc'ruro
907 3852 962 3891 auo
981 3852 1125 3895 cannuca.

400 3948 475 4022 lan
495 3953 675 4047 intelligis¹
695 3952 908 4029 educendum
921 3984 994 4031 eece
1013 3976 1046 4032 te
1071 3990 1112 4034 ex
1129 3970 1204 4038 istie
1221 3979 1435 4068 occupatio-

389 4164 409 4197 r.
420 4144 487 4197 Jam
501 4145 632 4215 intelligis.
643 4146 768 4201 Vitiosum
785 4150 863 4202 intel·
910 4153 942 4206 ab
953 4154 1008 4228 ipao
1017 4157 1101 4231 Lipaio
1111 4167 1207 4230 mrata)
1215 4164 1242 4216 in
1256 4166 1296 4218 ed.
1308 4168 1396 4223 Gron·
1409 4182 1438 4223 et

352 4226 422 4293 ligas
430 4243 459 4276 eu
468 4242 519 4275 uua
530 4224 587 4277 edd·
597 4224 730 4299 Lipa.(nou
743 4248 772 4280 ex
783 4228 864 4299 prima
911 4231 1013 4304 Bipout.
1024 4234 1135 4307 aliaeque
1154 4238 1294 4314 irrepserat.
1374 4249 1378 4255 ’
