2975 4992
323 410 390 476 alia
620 406 662 475 L.
687 405 865 475 ANNAEI
888 406 1102 479 SENECAE

323 536 475 607 scimus?
490 538 578 605 Tota
594 534 655 604 illo
668 550 782 606 mente
801 539 1013 632 pergendum
1032 545 1122 626 est¹,
1144 538 1204 608 ubi
1222 538 1397 635 prouideri

281 665 296 717 ⁵
324 652 447 737 debet,
467 676 511 722 ne
527 675 582 722 res
598 676 681 737 nos,
698 676 768 721 non
780 653 906 739 verba,
923 654 1108 750 decipiant.
1125 655 1222 748 Quid
1234 657 1322 725 milri
1336 681 1397 726 ro-

323 794 401 839 cnm
417 766 658 839 similitudines
668 766 872 864 distinguis,
886 771 1012 864 quibus
1025 796 1125 848 nemo
1138 796 1310 866 unquam,
1332 774 1399 841 nisi

323 887 405 957 dum
428 884 596 981 disputet,
625 901 744 981 captus
768 889 844 955 est?
862 891 931 957 Res
949 887 1097 957 fallunt:
1119 888 1196 957 illas
1215 886 1395 957 discerne!

321 1004 389 1072 Pro
414 1002 513 1071 bonis
538 1002 625 1071 mala
646 1002 904 1097 amplectimur3
926 1011 1099 1099 optamus²
1119 1022 1236 1075 contra
1254 1004 1291 1072 id
1304 1005 1399 1098 quod

324 1120 514 1213 optavimus
527 1147 536 1206 ς
553 1134 708 1213 pugnant
724 1136 804 1189 vota
819 1137 935 1191 nostra
948 1146 1027 1191 enm
1042 1122 1146 1207 rotis,
1163 1122 1307 1191 consilia
1319 1146 1399 1189 enm

325 1233 490 1303 consiliis.
506 1233 666 1302 Adulatio
682 1257 787 1329 quam
803 1235 923 1304 similis
935 1252 987 1304 est
1000 1232 1176 1307 amicitiae!
1200 1261 1270 1305 non
1281 1236 1399 1304 imita·

326 1362 383 1415 tur
396 1362 526 1416 tantum
539 1346 653 1433 illam,
665 1346 727 1416 sed
738 1340 882 1436 vincit³,
894 1365 930 1419 et
942 1352 1092 1443 praeterit
1106 1377 1115 1419 z
1130 1353 1259 1445 apertis
1270 1365 1306 1417 et
1317 1372 1401 1442 pro-

324 1464 420 1558 pitiis
439 1461 581 1532 auribus
601 1465 781 1557 recipitur,
805 1480 842 1534 et
857 1466 894 1533 in
912 1466 1101 1560 praecordia
1113 1468 1181 1537 ima
1197 1464 1397 1552 descendit,

282 1582 300 1637 6
325 1602 366 1649 eo
380 1581 455 1675 ipso
473 1582 641 1675 gratiosa,
658 1603 726 1673 qno
739 1577 846 1650 ltedit.
864 1582 958 1653 Doce
966 1576 995 1671 ⁴,
1010 1582 1296 1678 quemadmodum
1308 1583 1401 1650 hanc

324 1694 583 1766 similitudinem
594 1696 795 1791 dignoscere
808 1697 953 1792 possim!
968 1702 1073 1771 Venit
1084 1702 1129 1771 ad
1142 1726 1196 1769 me
1208 1724 1273 1795 pro
1285 1699 1400 1768 amico

324 1813 470 1883 blandus
486 1816 663 1902 inimicus3
678 1815 762 1883 vitia
774 1800 873 1889 nobis
887 1817 951 1887 sub
967 1822 1131 1889 virtutum
1144 1820 1282 1888 nomine
1294 1816 1402 1885 obre-

324 1944 433 2025 punt3
454 1931 626 1999 temeritas
651 1931 715 1999 sub
742 1931 842 2000 titulo
864 1932 1074 2002 fortiurdinis
1087 1933 1189 2019 latet,
1209 1930 1402 2001 moderatio

324 2060 466 2116 vocatur
484 2046 641 2139 ignavia,
660 2070 723 2141 pro
737 2063 836 2116 cento
849 2049 989 2117 timidus
1000 2050 1180 2145 accipitur.
1201 2051 1243 2119 In
1261 2049 1316 2117 his
1330 2074 1404 2117 ma-

287 2190 300 2241 7
328 2186 396 2257 gno
410 2162 563 2256 periculo
577 2156 753 2231 erramus⁵
768 2190 776 2230 :
789 2163 961 2234 hiseertas
980 2182 1078 2236 notas
1089 2160 1267 2260 imprime!
1284 2166 1402 2235 caere-

328 2302 403 2347 rnm
413 2328 424 2363 ,
444 2278 504 2370 qni
521 2279 773 2373 interrogatur,
792 2306 838 2347 on
853 2305 977 2349 eomuo
991 2282 1115 2350 labem
1124 2274 1152 2368 ⁶,
1171 2306 1241 2350 non
1260 2297 1313 2349 est
1328 2296 1402 2350 tam

326 2395 467 2479 stultus,
484 2410 524 2465 nt
540 2395 687 2465 frontem
699 2420 794 2465 suam
808 2402 958 2487 tentet⁷;
974 2422 1039 2468 nec
1050 2422 1168 2468 rursus
1180 2414 1247 2467 tam
1259 2399 1403 2497 ineptus

363 2636 384 2671 r.
406 2617 472 2671 Toto
483 2620 839 2689 illomentepergeudumest·
886 2619 951 2673 tinrn
968 2632 1119 2691 conquestor
1133 2631 1170 2673 est
1185 2619 1217 2673 de
1233 2617 1347 2691 llepobl.
1367 2618 1404 2683 V,

327 2694 374 2751 lllo
385 2734 394 2764 ,
407 2696 502 2750 seilicet
517 2697 587 2751 adid
598 2710 714 2769 utquam
725 2698 840 2772 primum
887 2720 912 2773 p.
927 2701 972 2766 55,
981 2700 1057 2752 Tcm.
1071 2698 1206 2771 vl1,ltip.
1219 2717 1296 2769 quem
1307 2699 1407 2750 Luere-

327 2776 412 2830 vivere
437 2788 462 2829 et
486 2776 554 2829 mori
577 2776 710 2843 aeiamm,
739 2776 768 2829 in
789 2796 840 2848 quc
886 2773 1379 2849 tiuslV,11542qq.expressit.liuhk.

326 2853 411 2908 studio
431 2854 582 2929 capessendo
602 2853 634 2909 de
652 2854 841 2908 contemnenda
921 2855 944 2905 5.
961 2852 1406 2927 Ermmus.llcnepernoermtur,

274 2936 280 2949 “
327 2945 409 2986 morte
426 2946 450 2987 et
467 2933 532 2987 bene
547 2933 685 2987 exercenda
705 2934 774 2999 rita,
793 2952 841 3001 pa·
888 2930 950 2985 inde
962 2932 993 2982 ab
1004 2930 1110 2985 Erasmo
1128 2930 1276 3002 vulgatum:
1290 2930 1340 2983 sed
1356 2951 1407 2983 re-

328 3029 384 3064 rnm
406 3014 531 3065 referteo
551 3008 635 3063 verbis
659 3010 837 3083 decipiemur,
888 3008 962 3083 poeni
979 3008 1007 3061 id
1022 3010 1093 3082 qnod
1105 3009 1198 3063 dedere
1217 3008 1256 3062 εὖ
1271 3008 1308 3061 R.
1321 3023 1350 3063 et
1366 3010 1405 3063 A.

327 3090 349 3143 ri
364 3109 403 3142 res
420 3090 500 3143 bonas
517 3109 532 3142 a
548 3088 620 3143 malis
634 3089 728 3143 seimus
742 3088 840 3143 disun-
887 3090 1124 3143 commensalem.

328 3188 413 3241 guare.
919 3166 944 3222 (i.
964 3171 1091 3222 Ceterum
1101 3170 1150 3236 qur·
1160 3170 1346 3237 interrogatur,
1364 3186 1408 3219 ora

268 3294 272 3301 .
362 3265 385 3297 a.
406 3245 547 3314 Optamus.
557 3246 577 3297 1.
588 3266 609 3299 e.
619 3244 775 3299 eontrarium
784 3247 839 3319 ejus
886 3266 982 3301 ecmua
998 3246 1100 3299 habnt.
1115 3246 1162 3301 Est
1177 3245 1364 3318 argumentatio
1384 3264 1406 3296 s.

327 3342 395 3375 nune
403 3320 561 3395 optavimus,
580 3321 651 3393 quod
670 3342 752 3395 nuper
762 3335 839 3397 opta·
885 3324 1049 3399 syllogismus
1066 3326 1406 3393 autoramentum-uper&

328 3421 451 3455 remmus.
461 3402 551 3455 flatile
567 3408 579 3427 ⁸
887 3416 1090 3473 vceatm,quem
1102 3403 1408 3458 Eubuliderdialeetiens

361 3483 386 3536 3.
393 3482 450 3536 Sed
457 3486 544 3537 vineit.
551 3482 651 3537 Plinius
659 3483 839 3557 Panegyrico:
887 3482 1014 3536 invenisse
1032 3480 1132 3533 dieitur.
1151 3482 1333 3554 Dicg.1.aert.
1356 3482 1407 3545 ll,

330 3585 344 3611 a
355 3562 515 3635 ingeniosior
525 3564 639 3618 estenlm
650 3564 682 3617 ad
695 3564 839 3637 excogitan·
889 3561 949 3628 108,
969 3558 1017 3611 nbi
1035 3559 1087 3612 rid.
1106 3560 1209 3631 Menag.
1221 3557 1266 3629 qni
1283 3570 1410 3611 nostnmn

330 3641 391 3695 dum
408 3642 536 3697 simulatio
552 3642 665 3698 veritate.
676 3664 690 3689 a
703 3642 837 3708 Horatius,
886 3638 971 3692 loenrn
982 3637 1099 3691 advertit·
1114 3638 1214 3689 Nomen
1225 3635 1302 3709 hahet
1313 3656 1344 3688 ex
1356 3636 1413 3689 hac

321 3720 381 3775 'arte
398 3735 463 3794 poet.
475 3744 488 3769 α
504 3722 540 3774 Ut
549 3722 593 3793 qui
607 3719 839 3794 eondueti'plorant
886 3716 985 3770 ratione
1001 3736 1009 3772 ε
1026 3717 1110 3769 ilabes
1124 3714 1195 3786 qnod
1209 3735 1263 3768 non
1280 3715 1411 3776 amisisti,

329 3802 357 3855 in
373 3802 476 3865 lucere,
495 3801 583 3855 dieunt
598 3804 636 3853 Ae
652 3799 751 3853 faciunt
762 3818 839 3875 prope
889 3796 951 3850 Non
970 3792 1077 3849 amisisti
1098 3814 1210 3862 cornua,
1232 3794 1301 3869 Ergo
1325 3794 1415 3847 habes

330 3877 595 3953 plnradolentibnsex
608 3878 702 3931 animo.
715 3898 729 3925 a
858 3911 861 3918 ,
893 3894 998 3928 cornua.
1010 3874 1100 3926 fluat.

363 3958 388 4024 4.
404 3956 511 4011 Doce...
528 3960 662 4025 accipitur.
681 3956 755 4030 Saepe
774 3954 842 4008 hanc
925 3974 949 4024 7.
972 3953 1009 4006 Ut
1010 3953 1129 4024 frontem
1139 3972 1216 4005 ruam
1227 3954 1311 4004 tentet.
1326 3950 1416 4018 Quod

331 4035 460 4107 querelam
477 4035 546 4107 apud
557 4054 645 4089 omnes
657 4035 840 4106 cujuscumque
888 4045 973 4087 tameo
983 4031 1041 4087 lecit
1047 4031 1178 4105 Diogenes
1185 4030 1297 4105 Cynicus
1306 4034 1419 4085 facetis·

330 4112 430 4185 generis
438 4125 549 4173 auctores
562 4112 676 4168 iteratam
685 4112 841 4166 invenimus.
889 4111 971 4165 sime:
984 4130 1044 4163 narn
1064 4110 1237 4165 ratiocinatcri
1255 4110 1316 4173 uli,
1341 4131 1419 4163 eon·

331 4188 404 4244 Plato
414 4230 422 4261 ,
433 4190 502 4269 qnod
514 4191 610 4260 seiam,
627 4190 722 4267 primns
732 4188 783 4245 lace
800 4190 841 4245 ri·
891 4187 1005 4245 eludenti
1015 4190 1096 4264 ipsum
1105 4209 1201 4245 tornae
1211 4188 1318 4257 babere,
1325 4208 1418 4243 manu
