2975 4992
337 412 398 477 180
621 406 663 473 1..
690 406 865 475 ANNAEI
889 400 1104 483 SENEc'AE

277 568 303 603 u
333 534 467 625 (adhuc
481 537 572 605 enim
587 534 714 606 alienos
732 538 881 607 sarcinas
894 539 1021 608 adorno
1032 542 1065 630 ¹)
1083 566 1122 607 :s
1142 543 1248 609 Nemo
1263 565 1335 610 non
1351 545 1394 610 ite

331 655 402 723 exit
413 677 432 722 e
445 654 537 736 vitu,
554 668 714 747 tunquam
726 654 827 724 modo
837 656 1027 725 intraverit.
1043 684 1060 721 n
1077 658 1335 752 Quemcumque
1347 661 1395 727 vis

277 802 280 809 ⁴
331 794 459 865 occupa
468 774 496 856 ¹,
507 768 775 853 adolescentem,
792 795 926 856 senem,
950 773 1117 861 medium3
1138 776 1396 867 inveniesaequc

331 884 485 953 timidum
494 883 623 965 mortis,
633 907 728 978 seque
736 884 879 953 inscium
889 887 977 954 vitae.
987 887 1287 981 Nemoquidqusm
1296 889 1396 956 habet

331 1003 410 1071 facti
430 1029 437 1069 :
453 1004 489 1069 in
503 1001 652 1070 futurum
664 1001 755 1068 enim
769 1016 884 1069 nostru
898 1001 1101 1071 distulimus.
1116 1004 1211 1071 Nihil
1225 1028 1280 1073 mc
1291 1005 1397 1097 magis

330 1121 367 1187 in
384 1121 446 1187 ists
459 1140 543 1186 voce
553 1116 700 1185 delectat
712 1166 721 1197 ,
735 1141 837 1208 quam
852 1116 945 1208 quod
957 1118 1182 1211 exprobratur
1193 1121 1332 1189 senibus
1344 1123 1398 1188 in-

332 1237 455 1306 sontia:
471 1262 490 1299 u
503 1238 622 1315 Nemo,
636 1232 771 1324 iuquit,
790 1231 908 1314 aliter,
925 1258 1025 1324 quam
1035 1234 1204 1326 quomodo
1218 1252 1319 1305 natus
1333 1252 1393 1320 est,

276 1377 307 1411 ια
331 1354 399 1420 exit
412 1374 432 1419 e
446 1351 527 1419 vita.
546 1376 563 1413 s
581 1348 717 1416 Falsum
732 1343 805 1416 est!
824 1348 958 1440 pejores
976 1351 1161 1434 morimur,
1178 1376 1280 1443 quam
1292 1352 1399 1419 nasci·

331 1492 419 1536 mur.
435 1468 593 1536 Nostrum
606 1462 697 1533 istud
711 1513 720 1546 ,
734 1487 804 1532 non
811 1479 958 1547 usturae,
970 1465 1089 1534 vitium
1100 1482 1163 1535 est.
1176 1467 1293 1537 Iliade
1303 1468 1397 1537 nobis

331 1589 496 1681 conqueri
510 1586 612 1656 debet
624 1637 633 1667 ,
646 1600 681 1653 et
690 1585 805 1654 dicere
819 1585 936 1678 :Quid
951 1586 1017 1656 hoo
1029 1602 1080 1657 est
1089 1590 1104 1657 i
1113 1590 1187 1657 sinc
1200 1591 1397 1684 cupiditati-

328 1706 393 1774 bus
410 1728 470 1774 vos
491 1704 616 1799 genui,
638 1704 711 1770 sine
733 1702 935 1783 timoribus,
954 1704 1027 1771 sinc
1051 1706 1309 1797 superstitione,
1326 1707 1397 1773 sinc

330 1819 488 1915 perfidia,
501 1819 699 1908 caetcrisque
712 1818 865 1911 pestibus
878 1844 887 1885 ε
902 1818 1019 1909 quales
1028 1820 1192 1905 intrastis,
1207 1817 1312 1891 exite!
1323 1824 1399 1889 Per

331 1936 421 2027 cepit
433 1934 651 2027 sapientiam,
670 1934 790 2024 siquis
802 1949 871 1999 tam
885 1955 1024 1999 securus
1039 1935 1205 2015 moritur,
1225 1956 1327 2025 quum
1341 1960 1399 2003 ns-

334 2052 452 2118 scitur.
468 2052 567 2119 Nunc
581 2071 662 2117 vero
679 2048 899 2141 trepidemus,
916 2073 1020 2140 quum
1035 2049 1396 2141 periculumsocessi13

332 2189 401 2233 non
424 2166 577 2246 animus,
606 2154 814 2247 nobis,'non
836 2160 951 2233 color³
975 2179 1121 2251 constst3
1146 2164 1296 2235 lscrimae
1314 2164 1399 2234 nihil

170 2351 173 2358 ,
281 2278 310 2331 ¹³
329 2278 518 2372 profuturae
532 2278 669 2346 cedunt.
685 2276 781 2369 Quid
794 2293 845 2346 est
858 2279 1012 2371 turpius,
1029 2302 1130 2369 quom
1144 2279 1181 2347 in
1195 2280 1269 2373 ipso
1283 2281 1399 2347 limine

333 2396 522 2465 securitatis
541 2418 613 2463 esse
634 2394 842 2462 sollicitum?
859 2396 968 2463 Cnusa
991 2412 1102 2465 sutem
1124 2396 1199 2465 haec
1212 2413 1264 2465 est
1282 2424 1291 2463 ι
1309 2395 1401 2490 quod

333 2515 452 2581 inanes
482 2512 630 2581 omnium
649 2510 815 2577 bonorum
839 2533 978 2592 sumus,
1010 2514 1088 2580 vitoe
1115 2511 1286 2581 desiderio
1306 2513 1401 2581 lubo-

336 2653 450 2699 ramus
470 2625 498 2697 ⁴.
535 2632 610 2697 Non
645 2628 734 2696 enim
770 2627 862 2723 opud
891 2652 950 2695 nos
975 2652 1053 2721 pars
1071 2630 1251 2725 ejus-uilo
1282 2631 1401 2700 subse·

338 2856 496 2931 petivissent,
513 2874 601 2926 gruem
620 2854 780 2927 impetravere
793 2871 842 2924 qus
891 2853 940 2906 lios
951 2852 983 2908 de
992 2854 1081 2926 sibylls
1090 2856 1293 2910 AEuNluNon
1304 2859 1400 2925 vultus,

338 2938 449 2990 laceratos
462 2944 487 2987 ct
497 2946 590 2986 vorotae
599 2944 664 2984 sunt.
892 2949 945 2984 non
955 2932 1026 2986 color
1037 2952 1110 2985 unns.
1122 2956 1136 2982 »

375 3034 394 3065 ι.
411 3014 522 3065 Alienos
538 3014 656 3064 sarcinas
674 3010 774 3061 adorno
786 3008 845 3061 edd.
926 3012 949 3075 4.
971 3012 1041 3064 Vttoe
1052 3013 1178 3064 desiderio
1190 3010 1402 3064 loborornus.8ic

340 3086 440 3142 iudesb
451 3088 563 3139 Erssmo.
579 3086 671 3139 Adoro
684 3085 752 3136 editt.
769 3084 846 3156 princ.
895 3086 934 3139 ed.
953 3088 1028 3140 Rom.
1052 3090 1119 3141 Vera
1137 3090 1274 3142 desideriis
1292 3091 1401 3143 lobora-

339 3188 396 3220 rum
412 3166 500 3218 msstis.
511 3164 591 3218 Sctw.
602 3162 740 3235 -Lipsins
751 3162 847 3214 dubitet
895 3184 954 3217 mus
966 3166 1047 3220 Pelet.
1057 3179 1138 3237 quart.
1150 3180 1174 3219 et
1189 3167 1243 3221 Col.
1255 3168 1332 3220 Nudo
1342 3172 1402 3221 nitoe

340 3266 373 3299 sn
385 3246 486 3299 olienis.
500 3243 571 3296 Mons
580 3242 689 3294 sercinss
702 3241 797 3293 instruo
808 3261 848 3293 re·
896 3244 1047 3295 laboramus
1059 3244 1099 3297 ed.
1117 3247 1150 3297 A.
1164 3265 1221 3297 curn
1233 3266 1293 3299 mss.
1303 3248 1367 3315 Arg.
1378 3246 1402 3298 b.

340 3324 387 3376 bus
401 3321 498 3385 alicnis,
515 3331 543 3372 nt
557 3319 635 3393 Epist.
647 3332 708 3380 ΧΠ,
721 3317 803 3369 adhuc
816 3315 848 3367 de
896 3340 917 3373 c.
933 3320 997 3372 Pur.
1009 3340 1036 3371 o.
1046 3322 1071 3374 b.
1085 3324 1110 3373 d.
1122 3334 1147 3375 st
1158 3321 1211 3374 Pal.
1224 3343 1246 3388 t,
1259 3344 1290 3386 s,
1303 3322 1335 3387 3,
1348 3324 1402 3374 sor-

341 3394 849 3453 slienoiiberslissum.-Adduceoim
898 3410 960 3449 tasse
978 3417 1011 3449 ns
1029 3398 1065 3449 sie
1083 3399 1185 3467 quidem
1205 3398 1285 3462 rosis,
1306 3400 1322 3451 i.
1336 3421 1359 3468 q.
1373 3400 1402 3451 de

341 3482 443 3531 alienos
449 3480 566 3529 sarcinas
573 3476 679 3527 adorno.
687 3474 735 3524 l.e.
742 3471 851 3524 aliorum
899 3475 949 3527 viss
960 3475 1118 3540 laboremus,
1136 3477 1167 3529 ds
1179 3476 1232 3549 ipsu
1241 3476 1294 3530 vir·
1304 3476 1404 3529 solliciti

343 3556 408 3608 diets
428 3554 521 3624 adjuro
537 3551 749 3626 interpretatione.
763 3549 854 3602 Serri-
899 3572 993 3605 snmus.
1006 3552 1109 3605 Gruteri
1125 3552 1296 3621 conjecturam
1316 3555 1405 3629 recepit

343 3651 389 3685 nss
402 3631 472 3683 enirn
483 3630 515 3681 de
527 3629 558 3681 iis
566 3647 623 3699 quse
635 3626 688 3697 quis
697 3624 787 3690 habet,
797 3642 853 3697 por·
902 3629 986 3703 Rubi.
1003 3633 1076 3699 qnod
1088 3633 1177 3684 inanes
1194 3636 1313 3685 omnium
1325 3634 1406 3685 buno-

344 3720 393 3773 tst,
412 3706 573 3783 possidetque
593 3716 713 3772 tanquam
736 3703 851 3775 propris,
901 3710 1408 3765 rumsnmmisoitoedesiderie‘slaboro·

345 3786 373 3839 in
384 3807 431 3839 usn
442 3805 493 3837 esse
508 3794 617 3848 constet,
630 3802 651 3833 e.
663 3802 683 3834 e.
695 3781 805 3833 Maniai.
815 3782 851 3846 11,
900 3804 969 3837 mus.
985 3786 1050 3836 Ante
1071 3784 1160 3851 illurn,
1173 3786 1232 3837 inde
1248 3787 1280 3839 sb
1293 3790 1333 3841 ed.
1351 3790 1406 3841 Co-

348 3883 386 3933 tt,
399 3866 422 3918 8.
435 3864 524 3915 Ruth.
783 3857 792 3872 ⁰
901 3860 979 3913 rionis
997 3865 1008 3930 (
1020 3882 1152 3934 rursusque
1162 3877 1218 3936 post
1227 3864 1311 3918 Ruhk.
1328 3868 1356 3919 in
1369 3868 1407 3920 ed.

378 3962 401 3994 n.
423 3940 615 4013 Quemcumque
626 3940 681 4003 uis,
691 3956 853 4005 occupas...-
901 3938 1233 4012 Msttln),legsbstnrqnod
1239 3949 1330 3998 thanes
1339 3967 1408 3999 omn.

346 4024 417 4072 eitoe.
429 4018 527 4072 Similis
539 4029 672 4071 occurrunt
683 4016 750 4089 epod
768 4016 853 4067 Sene·
900 4016 957 4068 bon.
974 4035 1078 4078 sumne,
1097 4038 1207 4086 quorum
1227 4022 1255 4071 in
1266 4022 1327 4091 fine
1347 4026 1407 4074 νέω

348 4120 402 4152 eam
412 4100 443 4151 de
455 4098 547 4150 Brevit.
558 4096 616 4151 vitae
625 4096 675 4156 ΙΙΙ,
688 4116 701 4147 n
714 4114 751 4165 sq.
762 4086 853 4148 Ruth.
900 4095 1028 4146 desiderio
1037 4095 1196 4148 laboramus.
1211 4096 1249 4147 Ex
1264 4099 1406 4170 conjecturs

380 4176 404 4228 3.
420 4174 480 4227 Non
496 4176 564 4227 color
576 4180 682 4229 constat.
702 4172 746 4225 sie
758 4172 852 4243 virgi·
899 4170 1080 4242 Pineisni,qni
1088 4171 1115 4225 in
1124 4173 1207 4227 nescio
1215 4194 1266 4245 quo
1274 4175 1340 4229 libro
1349 4177 1407 4229 scri·
