2975 4992
318 480 384 549 216
608 480 648 547 L.
674 478 854 585 ANNAEI
875 478 1090 549 SENECAE

316 625 416 697 sunt3
432 610 517 679 etin
532 611 752 704 scoriarum,
770 610 894 680 deinde
911 612 948 679 in
966 633 1026 678 nos
1043 611 1232 704 jocabitnr3
1248 613 1385 694 omnia,

273 756 289 821 4
315 750 391 817 qum
402 724 650 810 dietmarum,
664 727 855 822 occupabit.
869 728 1084 797 Scrutabitur
1093 727 1226 797 scholas
1237 744 1386 809 nostras,

314 859 349 911 et
360 843 497 935 objiciet
510 844 722 938 pbilosophis
734 846 908 939 congiaria
919 850 945 928 ¹,
960 846 1103 930 emicas,
1120 846 1254 939 gulam3
1272 861 1390 913 osten·

314 960 371 1028 det
384 958 468 1027 mibi
487 960 590 1027 olium
606 962 643 1029 in
660 961 851 1049 adulterio,
871 962 974 1029 alium
990 963 1024 1029 in
1040 964 1202 1055 popina²,
1218 963 1322 1030 alium
1345 964 1390 1028 in

313 1078 389 1147 sula
402 1072 429 1163 ³3
450 1079 604 1147 ostendet
618 1080 702 1147 mihi
725 1077 876 1173 lepidum
887 1078 1127 1174 philosophum
1144 1073 1361 1149 ‘Aristonem
1376 1128 1386 1161 ,

314 1196 375 1287 qni
392 1195 428 1263 in
448 1189 656 1289 gestatione⁵
672 1195 881 1278 disserebat,
900 1197 967 1264 hoc
980 1197 1072 1265 enim
1084 1196 1129 1266 ad
1142 1195 1291 1265 edendas
1302 1220 1390 1290 ope-

317 1334 372 1377 ras
386 1305 401 1346 ⁶
414 1327 545 1404 tempus
559 1316 764 1405 exceperat⁷.
777 1314 830 1382 De
843 1313 940 1404 cujus
954 1328 1045 1381 secta
1058 1337 1162 1405 quum
1174 1329 1391 1405 quaereretur

271 1457 287 1506 5
312 1424 458 1494 Scaurus
469 1420 497 1509 ⁸,
513 1428 562 1494 ait
578 1454 586 1493 ι
602 1430 728 1519 Utique
741 1428 1008 1520 Peripateticus⁹
1023 1450 1092 1494 non
1105 1442 1157 1496 est
1171 1423 1180 1492 l
1199 1430 1251 1494 De
1263 1425 1390 1495 eodem

311 1561 416 1629 quum
425 1539 664 1609 consuleretur
676 1540 787 1608 Julius
799 1540 977 1609 Graecinus
987 1544 1027 1621 ¹⁰,
1044 1540 1098 1607 vir
1109 1540 1287 1632 egregius,
1299 1538 1390 1630 quid

311 1656 454 1723 sentiret
474 1681 483 1723 s
500 1658 575 1724 Non
592 1680 753 1749 possum,
770 1657 904 1749 inquit,
922 1654 985 1723 tibi
1003 1652 1118 1723 dicere
1137 1657 1276 1723 :nescio
1289 1658 1388 1723 enim

311 1770 395 1860 quid
413 1769 456 1839 de
474 1770 584 1865 gradu
609 1773 710 1841 faciat
721 1768 769 1838 ¹¹!
800 1788 959 1864 tanquam
980 1769 1023 1839 de
1040 1770 1210 1839 essedario
1236 1772 1389 1839 interro·

310 1986 410 2041 videtur
422 1986 560 2061 lugi-ange
570 1986 614 2061 qni
626 1990 711 2045 vertit:
726 1990 756 2044 11
754 1990 823 2062 saut
869 1989 916 2042 bos
925 1992 994 2042 emm
1005 1990 1046 2041 ad
1054 1989 1170 2041 edendas
1178 2008 1272 2058 operas
1280 1999 1387 2056 tempus

312 2069 427 2131 toujours
443 2086 532 2119 semer.
554 2068 651 2120 Eodem
672 2069 722 2119 lero
745 2087 821 2120 sensu
868 2074 1013 2134 exceperat,
1024 2065 1043 2117 i.
1051 2086 1072 2118 e.
1083 2056 1209 2136 reliquum
1217 2064 1264 2118 sibi
1273 2067 1385 2133 lecerat,

313 2140 410 2213 Virgil.
424 2142 489 2196 AEn.
502 2143 546 2197 lib.
562 2144 602 2210 ll,
615 2165 650 2196 rs.
668 2144 708 2211 98.
731 2144 821 2197 «Hine
869 2143 900 2197 ab
911 2143 966 2196 aliis
976 2142 1041 2197 curis
1054 2162 1142 2217 parum
1151 2142 1230 2195 seriis.
1243 2141 1324 2195 Grues.

312 2236 429 2289 spargere
437 2222 544 2278 rocesln
553 2220 819 2293 vulgumarnbiguas.»
901 2224 924 2274 8.
941 2220 1066 2274 Scaurus.
1083 2222 1225 2274 Mamercus
1237 2221 1348 2273 Scaurus
1360 2241 1388 2274 a.

347 2314 365 2347 ι,
376 2295 523 2366 Congiaria.
531 2299 624 2351 Oleum
636 2319 655 2352 s.
667 2300 756 2353 vinum
770 2300 817 2352 bo·
867 2299 931 2352 U-C.
943 2299 998 2369 787,
1006 2319 1074 2351 anno
1084 2299 1142 2352 chr.
1152 2298 1182 2365 34
1190 2298 1388 2352 damnationem

309 2370 421 2425 minibus
432 2376 517 2444 egenis
528 2376 820 2447 etlnborevietumquae·
867 2390 948 2429 morte
966 2376 1109 2429 voluntaria
1128 2377 1217 2429 anteiit
1229 2396 1287 2429 cum
1302 2398 1387 2430 uxore

309 2456 364 2502 rs're
375 2452 465 2505 nesciis
474 2453 709 2526 dabanturpublice.
720 2456 821 2509 Occur-
868 2454 969 2519 Sextia,
979 2473 1035 2524 quae
1050 2453 1241 2507 incitamentum
1256 2454 1344 2507 mortis
1358 2468 1389 2506 et

309 2526 819 2603 rictamcnvoxquoquedemuneribusin
867 2529 1388 2604 particepsluitVirinsignisnobilitateet

308 2604 467 2673 universum,
477 2629 517 2682 ap.
526 2611 631 2663 Sueton-
642 2608 820 2664 cesxxvu.
868 2610 971 2662 orandis
978 2610 1077 2662 caussis.
1089 2610 1323 2672 TaeicAnnalNh
1338 2612 1386 2663 25.

310 2683 412 2759 Vespas.
422 2687 519 2741 XVIII.
533 2687 623 2743 nult.
867 2689 900 2740 cf.
911 2690 1001 2743 Seuer.
1015 2688 1046 2740 de
1058 2687 1148 2741 Beuel.
1159 2690 1206 2750 lv,
1221 2688 1261 2740 tr.
1272 2688 1369 2740 Rota.

342 2782 365 2814 a.
376 2764 412 2816 In
428 2768 544 2837 popina,
556 2765 602 2818 ubi
618 2764 719 2818 viliores
731 2764 819 2839 utique
899 2767 1238 2838 9 Pcrs'puteticusnonest,
1252 2766 1386 2837 quianon

309 2839 819 2917 hominesgulaaliisquelibidinibusser·
868 2842 1303 2915 ambulanspbilosopbatnrdlubh.

310 2920 420 2975 ciebant.
433 2923 521 2976 Hublr.
898 2921 1386 2994 roduliusGroeeinuanliiAgrioolz
1402 2914 1407 2921 ⁴

342 2999 365 3051 3,
381 3004 412 3053 ln
429 3004 494 3054 aulo
501 3040 509 3065 ,
524 3014 624 3075 propter
637 2999 817 3067 adulationem.
867 3011 943 3071 pater.
952 3000 1057 3053 Tacitus
1066 3000 1093 3050 in
1103 3001 1155 3052 vita
1164 2999 1287 3072 Agricola
1295 3020 1317 3053 c.
1328 3001 1383 3053 lv,

309 3080 400 3133 Roth.
867 3078 985 3130 senatorii
1003 3078 1113 3146 ordinis,
1130 3080 1213 3132 studio
1226 3080 1385 3150 eloquentie

341 3159 367 3224 4.
383 3162 541 3213 Aristonem.
560 3163 719 3215 Adstionem
735 3163 817 3214 meh.
865 3156 1142 3229 sapientiaequenotns,
1156 3155 1384 3227 iiqurirtutibus

309 3239 448 3292 Arisonem
456 3257 504 3291 ms.
515 3259 550 3304 c.,
562 3242 715 3297 Arissouem
729 3238 769 3292 ed.
781 3240 817 3291 A.
865 3233 930 3285 iram
944 3232 1000 3285 Caii
1011 3234 1118 3287 casaris
1134 3234 1253 3297 meritus,
1267 3253 1383 3304 namque

308 3312 389 3368 Schts.
397 3343 430 3355 -
441 3316 700 3369 Aristonem.Vixissc
713 3317 817 3371 Senam
865 3312 903 3363 M.
915 3311 1038 3364 Scaurum
1052 3330 1166 3365 accusare
1177 3312 1257 3384 jussus
1266 3323 1305 3375 ‚et
1315 3312 1383 3383 quia

309 3402 420 3463 ternpore
430 3391 529 3445 ridetur
539 3405 563 3445 et
571 3394 819 3466 propterostentatio·
866 3388 998 3455 abnuerat,
1007 3390 1244 3443 {aledramni-Cl-
1251 3389 1340 3443 Sence.
1346 3389 1384 3442 dc

308 3488 367 3520 nem
374 3467 416 3521 bie
422 3467 537 3543 carpitur.
545 3470 762 3525 Halala-Plures
769 3471 819 3525 hoe
866 3466 1009 3529 Renes-ll,
1023 3486 1062 3519 at.
1072 3467 1213 3521 Columella
1226 3468 1257 3520 de
1267 3468 1306 3520 Ite
1312 3480 1382 3521 rust.

308 3546 413 3599 nomine
425 3547 544 3614 luerunt,
557 3560 581 3600 et
591 3548 694 3618 quidam
704 3549 795 3603 stoicus
807 3586 816 3614 ‚
867 3545 879 3598 l
891 3585 898 3612 ,
911 3566 933 3597 r.
945 3544 1036 3597 Boot.

308 3624 420 3677 Zenonis
438 3624 553 3679 auditor:
569 3646 644 3697 quem
656 3626 750 3679 Noster
765 3627 818 3678 ali·
902 3622 1380 3695 1r.Degrodusuciut.Locutioarenac:

309 3704 405 3774 quoties
415 3702 490 3758 citat:
503 3704 598 3757 Chium
612 3706 686 3757 etiarn
696 3706 818 3777 patriola·
866 3702 952 3754 neseio
962 3702 1024 3773 quid
1039 3703 1126 3764 iaciat,
1142 3700 1282 3772 cujusmodi
1292 3700 1324 3752 sit
1331 3698 1379 3752 ille

307 3782 349 3834 cit
358 3782 507 3836 Valdealius
517 3782 572 3849 iste,
583 3783 693 3855 degener
706 3783 820 3836 nominis
867 3782 1014 3832 essedarios
1021 3818 1029 3843 ,
1042 3780 1059 3831 i.
1070 3800 1083 3831 e
1094 3796 1305 3853 compugnans,
1316 3796 1380 3829 cnm

308 3872 332 3911 et
344 3860 513 3932 professionis·
519 3858 633 3929 Ls'pss'us.
866 3858 990 3911 allusione
998 3858 1031 3909 ad
1039 3857 1151 3911 essedum
1160 3857 1187 3909 in
1198 3876 1249 3928 quo
1258 3854 1381 3930 gestaba-

341 3938 408 3992 sla
415 3940 565 4008 gerlotione.
574 3938 604 3991 In
618 3938 713 3992 essedo.
862 3946 919 3996 tur,
934 3933 1000 3987 side
1014 3952 1089 3987 curru
1100 3934 1224 3988 delabitur
1237 3947 1262 3987 et
1280 3948 1382 4009 pugnat

340 4015 363 4067 ii.
376 4016 553 4081 Adstdendus
571 4036 671 4086 operas.
689 4016 770 4086 Quasi
784 4016 815 4069 de
862 4011 1379 4087 pedes.Similesloqnendirationessunt:

307 4094 407 4148 scenico
415 4108 457 4147 aut
465 4095 580 4147 usuario
587 4094 816 4166 loqueretur.Lips.
863 4091 895 4144 de
907 4112 975 4165 genu
991 4110 1118 4165 pugnare,
1136 4090 1168 4144 de
1186 4090 1266 4163 gradu
1280 4088 1379 4143 conari.

342 4194 365 4243 7.
379 4172 535 4241 Exccpcrot.
546 4175 628 4225 Antea
638 4170 817 4245 legebaturao
865 4171 954 4225 Sencc.
972 4170 1003 4223 de
1019 4170 1123 4223 Provid.
1149 4169 1192 4233 ll,
1215 4170 1239 4236 4.
1255 4166 1307 4221 Tit.
1322 4166 1378 4220 Liv.

307 4259 427 4317 ceperat:
444 4250 486 4303 ssd
501 4270 516 4302 a
536 4270 587 4321 qno
607 4250 681 4304 dante
694 4248 707 4305 i
725 4252 816 4323 Lego:
865 4250 991 4316 xxm,
1003 4248 1044 4321 39
1056 4246 1145 4303 mss.
