2975 4992
339 465 404 558 592
627 465 667 530 n.
691 459 870 530 annet
892 461 1114 534 sennen

337 594 430 689 quit,
459 589 725 660 moderatissime
748 591 865 677 timet3
886 589 949 658 sed
974 591 1012 658 in
1034 605 1143 660 totum
1162 605 1259 659 extra
1283 605 1404 658 metum

337 734 406 780 non
420 723 484 778 est.
495 707 626 799 —Qui
641 705 712 775 haec
725 705 863 789 dicunt,
880 729 999 773 rursus
1013 706 1050 772 in
1067 703 1159 774 idem
1171 705 1401 784 revolvuntur,

246 861 259 882 =
337 842 376 896 nt
393 825 461 894 illis
477 825 643 892 virtutum
668 821 743 892 loco
764 823 834 890 sint
857 822 991 890 minora
1008 823 1102 890 vitia.
1125 824 1213 890 Nam
1230 823 1294 914 qni
1315 823 1404 889 timet

337 941 499 1037 quidem,
514 938 575 1008 sed
586 940 697 1008 rarius
709 953 746 1006 et
760 939 874 1006 minus
883 987 895 1022 ,
914 961 985 1006 non
1001 953 1097 1006 curet
1109 938 1261 1020 malitia,
1281 936 1342 1005 sed
1352 937 1403 1003 te-

336 1063 433 1132 viore
450 1073 603 1126 vexatur.
616 1095 666 1109 -
678 1056 723 1123 At
737 1057 831 1122 enim
845 1032 1150 1147 dementem'puto,
1166 1055 1227 1147 qni
1240 1055 1330 1122 mala
1340 1055 1402 1121 irn-

281 1225 312 1258 ,2
337 1174 503 1246 minentis
521 1196 590 1240 non
609 1171 810 1240 extimescit.
828 1207 868 1220 -
884 1172 1012 1237 Verum
1034 1183 1105 1251 est,
1126 1168 1218 1260 quod
1239 1167 1357 1250 dicis¹,
1373 1169 1402 1234 si

338 1289 426 1360 mala
441 1303 541 1373 sunt,
564 1283 625 1354 sed
642 1285 670 1353 si
688 1286 771 1367 ecit,
790 1284 878 1352 mala
892 1284 951 1351 illa
965 1307 1034 1352 non
1047 1307 1141 1366 esse,
1159 1298 1196 1352 et
1214 1308 1318 1352 unam
1330 1300 1403 1352 tan-

338 1422 410 1476 tum
427 1401 673 1496 turpitudinem
694 1398 820 1468 malum
838 1395 993 1492 judioet3
1019 1398 1158 1468 debebit
1176 1423 1296 1468 secure
1312 1401 1403 1493 peri-

338 1520 415 1590 cula
427 1518 603 1611 aspicere,
620 1530 655 1583 et
672 1514 750 1583 aliis
759 1513 910 1584 timenda
920 1531 1138 1584 contemnere
1152 1540 1161 1582 ε
1173 1530 1250 1596 ant,
1267 1517 1296 1582 si
1314 1515 1405 1583 stulti

338 1651 376 1705 et
398 1633 542 1704 omentis
564 1647 635 1715 est,
655 1629 740 1700 mala
767 1653 839 1698 non
859 1631 1000 1713 timere,
1024 1653 1092 1723 quo
1111 1633 1190 1723 quis
1205 1629 1406 1724 prudentior

339 1767 411 1836 est,
442 1749 510 1818 boo
527 1749 660 1817 timebit
674 1747 909 1842 magis-Ut
928 1747 1068 1835 robis²,
1091 1748 1223 1840 inquit,
1247 1743 1402 1828 videtur,

256 1955 258 1960 Ι
338 1865 506 1964 prebebit
519 1889 556 1934 se
568 1862 730 1960 periculis
748 1857 1069 1932 fortis-Minime!
1084 1885 1154 1930 non
1175 1862 1310 1930 timebit
1326 1862 1402 1942 ilia,

282 2003 314 2058 23
338 1983 399 2054 sed
410 1975 550 2052 vitabit³
566 1979 697 2048 :cautio
710 1979 806 2048 illum
821 1976 931 2064 decet,
945 1979 1046 2046 timor
1058 2001 1127 2046 non
1139 1976 1305 2046 decet-
1311 1977 1407 2070 Quid

338 2123 420 2194 ergo
434 2094 468 2168 ⁴?
487 2098 599 2190 inquit
620 2122 628 2163 ε
648 2109 812 2179 mortem,
832 2094 988 2175 vincula,
1010 2095 1131 2187 ignes,
1150 2094 1218 2162 aiis
1241 2093 1309 2162 tela
1332 2093 1407 2162 for-

339 2235 444 2299 tunae,
461 2239 530 2284 non
542 2207 846 2282 timebitP-Non!
861 2212 924 2278 scit
934 2211 1043 2292 enim,
1060 2209 1118 2278 illa
1132 2233 1200 2278 non
1214 2235 1289 2280 esse
1302 2211 1405 2296 mala,

338 2335 399 2406 sed
420 2331 548 2419 videri3
569 2332 683 2399 omnia
703 2329 769 2397 ista
785 2328 943 2396 humane
963 2327 1042 2394 vitm
1061 2325 1261 2395 formidines
1275 2319 1404 2422 ‘putot

338 2447 502 2522 Describe
520 2445 771 2539 captivitatem,
796 2441 961 2527 verbera,
982 2459 1139 2525 ostense,
1157 2460 1357 2537 egestatem,
1374 2463 1408 2513 et

338 2566 566 2637 membrorum
599 2549 843 2645 lacerationes,
874 2557 930 2628 vel
955 2581 1019 2652 per
1047 2559 1223 2642 morbum,
1255 2561 1311 2628 vel
1345 2586 1408 2655 per

337 2681 517 2774 injuriam,
538 2691 573 2745 et
592 2671 761 2767 quidquid
778 2669 874 2740 aliud
886 2671 1061 2760 attuleris,
1079 2674 1167 2740 inter
1182 2672 1409 2766 lymphaticos

337 2811 447 2866 metus
463 2807 632 2862 numerat.
657 2791 725 2858 Ista
747 2785 874 2856 timidis
891 2787 1042 2856 timenda
1061 2803 1152 2856 sunt.
1171 2789 1228 2856 An
1241 2787 1280 2857 id
1292 2792 1409 2858 existi-

337 2937 409 2982 mas
425 2911 570 2994 malum,
595 2903 640 2974 ad
666 2904 758 2998 quod
781 2903 965 2996 aliquando
990 2899 1115 2974 nobis‘
1143 2920 1261 2974 nostra
1287 2922 1409 2999 sponte

337 3025 541 3096 veniendum
559 3023 656 3094 esu?

338 3225 413 3280 etiam
433 3224 461 3277 in
478 3241 522 3276 ora
536 3231 667 3274 notaverat
680 3219 779 3272 Erasm.
797 3237 846 3288 pro
895 3218 994 3272 Arriam
1005 3217 1040 3282 11,
1053 3237 1062 3270 ι
1075 3239 1100 3290 p.
1107 3221 1156 3272 350
1163 3219 1204 3271 ed·
1215 3218 1410 3292 Schweigblb

338 3301 561 3370 vitiotojndiccre.
571 3296 651 3351 Sctw.
928 3297 953 3362 4.
968 3295 1045 3366 Quid
1057 3297 1141 3365 ergo?
1158 3300 1253 3366 inquit.
1271 3295 1410 3369 Perpenrn

374 3401 396 3434 ι.
412 3380 492 3452 Quod
506 3380 582 3431 dicis.
598 3375 641 3428 Sic
657 3385 723 3429 reete
736 3373 773 3426 R.
785 3375 848 3428 Am.
897 3377 985 3444 inquis
996 3371 1172 3446 vulgoScbw.

337 3459 476 3527 Perperam
485 3455 563 3528 vulgo
573 3453 645 3524 quod
653 3451 722 3504 dicit.
731 3450 814 3505 Scito.
929 3454 954 3503 ⁵.
970 3450 1068 3503 Omnia
1080 3454 1132 3503 ista
1143 3451 1270 3504 humana
1281 3453 1411 3523 ot‘toesor·

372 3555 395 3590 2.
411 3535 448 3588 Ut
461 3533 547 3596 vodis,
558 3532 675 3600 inquit...
680 3530 771 3602 sortis.
786 3528 849 3582 nee
897 3525 1410 3600 rindrbespntat.BenevertitLagmnget

340 3625 376 3666 est
388 3611 496 3682 objectio
505 3607 798 3677 adversariorumtErgo
806 3625 849 3656 vo·
897 3609 929 3661 11
934 3610 1008 3660 netes
1015 3609 1124 3676 πεμπάς
1130 3611 1326 3676 quemmmede
1333 3614 1411 3662 naim

313 3721 315 3729 ι
338 3691 377 3745 bis
387 3689 485 3744 videtur
499 3687 637 3760 sapientem
645 3684 735 3738 debere
748 3704 775 3736 se
782 3682 849 3736 uitro
897 3687 1083 3754 e'pouoontue'ls.

338 3764 658 3840 imminentibuspericulis
674 3763 799 3836 objicere,
816 3781 849 3815 ne
929 3761 953 3815 6.
965 3761 1120 3828 Aliquando
1128 3762 1211 3814 nobis.
1225 3763 1412 3834 Deeratvnigo

339 3849 382 3904 illa
395 3848 483 3902 timere
495 3843 628 3898 videatur?
896 3840 986 3902 nobis,
1006 3857 1053 3890 nce
1070 3838 1175 3891 omnino
1190 3838 1390 3894 desiderabatur
1407 3860 1415 3893 ε

372 3927 396 3980 3.
414 3927 476 3978 Νοη
487 3923 587 3976 timebit
601 3923 650 3974 itta
662 3957 669 3984 ,
681 3919 730 3973 sed
746 3918 850 3969 vitabit.
896 3919 941 3972 sed
949 3915 1074 3989 adjectum
1080 3916 1171 3970 dedere
1178 3938 1236 3970 cnm
1244 3919 1287 3972 ed.
1293 3917 1332 3970 li.
1341 3919 1414 3972 mesti

339 4003 490 4068 Fateautio,
503 4001 625 4060 edidisse,
634 4017 711 4070 quam
721 3995 799 4050 metui
807 4013 850 4067 op·
898 3997 977 4050 Paris.
988 4015 1046 4048 com
1055 3995 1111 4051 aliis
1123 3997 1188 4069 apud
1196 4000 1294 4072 Opsop.
1301 4011 1329 4050 et
1337 3999 1414 4051 Grnt.

339 4080 466 4156 ponebant
484 4078 580 4145 Stoici,
593 4089 617 4130 et
633 4075 739 4150 sapienti
752 4093 850 4126 eonce-
898 4072 978 4128 Sero.

340 4161 433 4216 debant
453 4177 532 4232 quum
547 4169 642 4210 metum
663 4165 793 4228 negarent.
809 4151 851 4206 Cf·
932 4173 955 4217 7.
967 4151 1068 4206 Nostra
1078 4163 1167 4221 sponte
1176 4155 1338 4206 veniendum
1346 4151 1413 4204 est?

339 4239 418 4314 Diog·
429 4239 513 4292 baert.
524 4235 588 4298 vlt,
599 4233 652 4286 116.
661 4233 702 4286 Cs.
713 4233 808 4306 Upton.
817 4231 850 4284 ad
898 4230 1013 4298 Scilicet,
1021 4249 1066 4283 sen
1077 4248 1155 4300 quum
1165 4229 1254 4298 petrin
1262 4230 1332 4282 salus
1343 4227 1413 4299 jubet
