2975 4992
408 472 685 545 er1s'rons
708 474 877 544 xuvn.
1111 480 1178 572 295

110 604 319 673 oonsuisrem
336 604 480 673 aniculae
503 606 740 689 servientem,
762 604 851 674 dnbo
874 603 1070 674 ancillulas⁸
1087 603 1180 675 divi-

108 738 192 807 tem3
218 720 395 789 ostendam
414 718 642 790 nobilissimas
657 721 801 813 juvenes
816 722 987 819 mancipia
1007 722 1179 818 pantomi-

107 828 274 906 ωσι-ω’.
299 835 401 905 Nulla
424 837 569 905 servitus
593 838 726 931 turpior
750 851 820 921 est,
848 860 950 930 quam
973 836 1177 907 voluntaria.

106 954 223 1045 Quare
240 976 311 1022 non
330 954 490 1047 estquod
507 951 672 1023 fastidiosi
696 948 777 1023 isti⁴
803 971 839 1025 te
864 954 1084 1040 deterreant,
1112 980 1181 1050 quo

106 1070 219 1137 minus
233 1070 343 1138 servis
359 1070 427 1137 tuis
440 1068 584 1139 hilarem
599 1085 633 1137 te
646 1088 808 1164 praestes,
824 1086 859 1140 et
872 1094 942 1140 non
960 1070 1107 1166 superbe
1119 1095 1180 1140 su·

104 1186 289 1277 perierem.
308 1182 429 1253 Colunt
445 1185 562 1278 potius
575 1200 630 1267 te,
651 1209 754 1278 quam
769 1188 921 1255 timeant.

147 1300 252 1368 Dicet
266 1322 361 1369 nimo
378 1299 520 1392 aliquis,
534 1322 589 1369 me
613 1324 734 1371 vocare
755 1301 799 1371 od
817 1294 968 1396 ρίἰειιιιις
986 1322 1124 1387 servos,
1145 1315 1179 1369 et
1205 1314 1237 1369 so

105 1414 261 1485 dominos
275 1416 321 1485 de
339 1416 473 1510 fastigio
492 1440 553 1487 suo
571 1416 744 1510 dejicere,
760 1415 854 1511 quod
871 1416 964 1501 dixi,
982 1413 1097 1486 colant
1111 1440 1180 1511 po-

104 1533 168 1599 tius
181 1532 383 1619 dominum,
401 1558 502 1624 quam
513 1532 675 1619 timeantg
693 1536 762 1617 ita,
779 1528 955 1627 inquam‘,
972 1556 1114 1627 prorsus
1125 1554 1181 1601 co-

103 1646 171 1715 lant
194 1662 358 1739 tanquam
380 1648 542 1733 clientes,
569 1664 729 1742 tanquam
744 1647 957 1718 salutatores.
969 1633 1020 1701 -ss-
1029 1649 1104 1715 Hoo
1119 1647 1180 1739 qui

103 1760 246 1849 dixerit,
265 1764 499 1845 obliviscetur,
520 1762 557 1832 id
572 1760 718 1834 dominis
734 1789 855 1857 parum
871 1788 939 1833 non
957 1768 1066 1845 asse',
1084 1762 1180 1856 quod

101 1879 171 1945 Deo
180 1877 269 1945 satis
279 1894 352 1957 ost,
365 1878 426 1971 qui
437 1877 561 1945 ooiitur
572 1893 607 1944 et
620 1892 765 1945 amamr.
780 1880 858 1945 Non
871 1893 984 1971 potest
994 1900 1091 1944 amor
1100 1861 1179 1945 cum

102 1994 221 2061 timore
240 1992 393 2063 misceri.
419 1992 619 2061 Rectissime
642 2017 725 2087 ergo
747 2009 780 2061 te
800 1994 912 2063 facere
925 1993 1065 2087 judico,
1084 1992 1179 2087 quod
1205 2036 1235 2082 1,

101 2110 212 2176 timeri
230 2132 254 2177 a
269 2109 379 2175 serris
398 2108 465 2175 tuis
478 2131 546 2176 non
561 2110 636 2189 vis,
654 2108 747 2201 quod
759 2109 944 2179 verborum
959 2110 1179 2203 castigatione

100 2223 218 2289 uteris.
251 2220 462 2290 Verberibus
489 2214 604 2289 muta⁸
627 2222 866 2292 admonentur.
886 2225 984 2307 Non,
1009 2220 1180 2316 quidquid

100 2360 160 2405 nos
174 2336 343 2419 offendit,
364 2352 399 2405 et
417 2336 509 2405 laedit
525 2362 533 2405 :
550 2336 611 2405 sed
631 2337 676 2406 ad
690 2340 821 2408 rabiem
837 2363 900 2408 nos
917 2356 1044 2433 cogunt
1059 2340 1180 2407 venire

101 2454 252 2538 deiiciae,
267 2470 333 2541 ut,
355 2451 526 2548 quidquid
543 2478 612 2523 non
630 2478 670 2523 ax
687 2456 864 2525 voluntate
879 2456 1072 2551 respondit,
1090 2455 1178 2525 iram

100 2590 217 2641 evocet
232 2576 260 2639 ⁹.
274 2573 410 2665 Regum
428 2568 526 2639 nobis
539 2569 712 2640 induimus
723 2573 894 2655 animos¹⁰
912 2598 919 2637 :
938 2595 1017 2641 nam
1032 2570 1083 2640 illi
1097 2595 1178 2665 quo

134 2778 154 2811 ι.
167 2758 553 2829 Antwtaesm1snmn.Qmm
566 2776 613 2810 es·
695 2758 719 2810 8.
736 2758 816 2812 Muto
837 2758 925 2833 scripsi
942 2778 971 2811 ex
983 2758 1046 2831 Ops.
1065 2770 1090 2813 et
1109 2758 1176 2835 bips.

100 2848 148 2909 ptst
158 2876 167 2904 ,
179 2850 203 2889 st
215 2838 364 2911 heredipets
376 2850 421 2890 ast.
432 2836 547 2903 Lipsius.
661 2836 771 2907 conject.
787 2838 857 2907 qnod
870 2838 921 2909 jem
938 2857 955 2889 s
969 2836 1103 2892 Gronovio
1122 2854 1176 2895 arat

132 2938 153 2969 a
165 2919 309 2971 Ancilluioe
321 2918 434 2971 divitem
449 2916 544 2967 Amore
559 2913 612 2986 ejus
661 2929 798 2989 receptum.
818 2917 959 2991 Vnigstum
980 2930 1066 2971 umen
1087 2921 1176 2972 msslto

98 3008 254 3069 comptum.
267 2994 386 3063 Lipsius.
660 3013 718 3047 eum
732 2992 771 3046 ed
786 2994 889 3067 Bipont.
902 2994 984 3048 tenuit
996 2995 1083 3049 nott.
1092 2996 1174 3051 Schts.

130 3074 154 3127 3.
163 3072 301 3141 Μαηιίρῐα
307 3076 539 3144 pantomimorum.
548 3072 611 3123 bsu-
659 3070 800 3139 -Muto,
814 3072 842 3123 id
853 3072 1038 3141 conuiualis,
1051 3093 1109 3145 quat
1122 3094 1174 3128 ser·

100 3149 142 3203 dot
151 3150 249 3223 lipsius
265 3151 421 3205 Senestta.
432 3150 527 3218 Quat.
539 3150 611 3215 Vll,
660 3148 743 3201 monis
757 3170 831 3203 usum
841 3170 895 3204 non
905 3150 1008 3205 babent.

99 3248 150 3299 tap-
163 3228 208 3282 ult.
219 3228 288 3282 Vide
299 3230 413 3301 lipsium
423 3228 455 3283 sd
464 3226 544 3283 Tacit.
554 3228 612 3281 An·
694 3227 805 3299 altam
814 3240 903 3282 emt.
913 3228 957 3282 sic
967 3229 1083 3282 Gronov.
1092 3229 1120 3282 in
1127 3247 1177 3283 sno

99 3306 149 3359 nsi.
163 3308 189 3371 1,
202 3327 244 3375 77.
258 3306 349 3361 Ruit.
662 3316 686 3357 st
704 3304 787 3359 Jursti
807 3306 893 3360 codice
915 3306 1028 3370 invenit,
1048 3320 1072 3359 st
1091 3320 1127 3359 sst
1143 3308 1174 3361 in

132 3384 157 3449 ⁴.
176 3384 331 3437 fastidiosi
350 3388 398 3437 isti
419 3384 612 3456 exconjectura
662 3383 775 3437 editions
798 3384 884 3436 veteri.
905 3383 971 3437 biire
994 3384 1044 3437 boc
1066 3385 1173 3439 verbnm

97 3462 202 3515 correxi.
216 3460 348 3515 omissum
362 3462 439 3535 vulgo
451 3475 502 3515 erat
517 3482 612 3536 prono-
660 3480 756 3515 snmus
773 3462 873 3515 videtur
890 3462 995 3515 Senem.
1012 3462 1057 3515 Sia
1074 3462 1174 3515 invenit

100 3541 554 3611 men.1p51'dsbaotedd.vstt.eum
565 3561 611 3594 ms.
659 3558 761 3611 quoque
773 3538 919 3592 Macrobius
933 3540 1036 3591 Saturn.
1048 3540 1074 3603 1,
1091 3558 1135 3607 ιι,
1147 3562 1172 3615 p.

97 3640 117 3672 r.
129 3622 288 3691 Frequenter
300 3634 385 3674 autem
400 3620 426 3672 in
439 3618 509 3671 libris
520 3618 611 3673 nostris
660 3618 706 3685 247
717 3616 823 3692 sd.Bip.
833 3630 877 3669 :ut
888 3616 1013 3689 quidquid
1025 3637 1078 3671 non
1090 3639 1173 3671 exro-

100 3711 273 3770 permotsntur
285 3702 343 3767 ipse
354 3710 379 3750 et
388 3702 444 3749 iste.
456 3696 540 3751 Schts.
660 3694 756 3746 luntste
770 3695 918 3768 rospondit,
931 3696 994 3749 iram
1008 3699 1172 3768 furoremque

130 3782 150 3833 5.
164 3780 217 3831 Ad
225 3781 335 3846 pileum.
349 3776 509 3829 Libertatem.
663 3790 757 3828 euocet.
776 3775 900 3829 Gronovii
918 3776 1094 3829 emendations
1105 3796 1112 3829 z
1125 3780 1174 3829 sed

130 3854 152 3907 b.
165 3856 233 3919 Ito,
248 3860 367 3925 inquom.
381 3854 423 3907 Sit
436 3862 503 3907 rorte
521 3854 562 3907 ad.
575 3854 612 3907 Ii.
662 3854 701 3905 od
709 3854 809 3907 mbiem
821 3864 914 3923 cogunt
923 3856 1010 3907 venire
1019 3854 1116 3907 delicia
1127 3862 1174 3906 :ut

102 3952 154 3985 tom
168 3932 244 3987 codd.
257 3932 330 3988 Pinc.
348 3946 373 3985 st
386 3932 461 3985 Grnt.
470 3932 517 3985 Ita
531 3936 614 4005 inquit
661 3931 776 3999 quidque
784 3950 835 3983 noo
842 3950 879 3985 ex
887 3934 1020 3983 voluntate
1025 3930 1170 3999 respondit,

102 4010 611 4084 menard-A.Parpsramruigo,itone
660 4012 729 4062 imm
752 4021 857 4075 evocet,
880 4022 934 4063 toto
958 4010 1170 4084 supersedeamus.

101 4094 189 4159 inquit.
200 4089 286 4145 Sedu.
661 4089 742 4139 Antea
755 4093 839 4141 :imm
849 4098 973 4157 provocet.
982 4089 1070 4141 nott.

130 4186 153 4233 7.
167 4166 271 4221 Ριηυη
286 4186 342 4220 mn
356 4184 411 4221 sue
428 4166 490 4219 add.
508 4182 566 4223 rstt.
585 4183 610 4223 at
695 4182 733 4221 to.
747 4164 938 4236 liegurnnobis
954 4168 1090 4221 tadwinus
1105 4168 1170 4217 ons·-

104 4264 172 4300 ιιι.
183 4246 351 4321 Abestrnigo
361 4244 510 4301 ruodeas.
658 4264 722 4299 ms.
736 4246 781 4301 ste
790 4248 882 4299 Noster
892 4246 1001 4301 iidalm
1010 4244 1053 4311 31,
1064 4244 1172 4319 abegit
