2975 4992
480 442 785 516 PRAEFATIO.
885 473 890 486 ·
1119 443 1162 510 33

87 611 155 674 que
167 603 238 656 aute
250 609 399 674 nuperum
412 585 602 672 Lipsiensem
614 585 808 670 prodierunt,
823 585 864 646 ad
876 583 1024 667 Lipsinnn
1036 585 1167 648 edideris
1228 654 1232 661 ⁴

87 697 267 782 exemplum
291 697 351 759 sint
370 717 537 780 expressae,
565 693 669 778 paucis
692 694 769 757 iocis
790 692 938 775 exceptis,
962 692 1071 774 quibus
1086 692 1167 756 vela

88 805 236 866 Gronoor'o
252 801 423 866 emendatio
440 803 575 883 qondam
588 799 678 862 allata
693 811 754 876 est,
770 798 820 861 vei
838 798 920 860 aliud
929 797 1042 880 aliquid
1050 798 1167 879 (nescio

87 929 151 988 queo
164 929 252 983 usn,
267 929 364 989 qsrave
378 907 499 984 fiducia)
510 907 543 968 in
553 905 706 968 nonnullis
716 905 896 968 editionibus
907 950 916 978 ,
928 927 994 988 quae
1008 903 1168 989 postGro-

88 1015 240 1078 noriauas
255 1015 416 1098 prodiere,
429 1012 555 1076 subinde
568 1013 624 1074 fuit
636 1025 794 1074 mutatum.
810 1009 852 1074 Et
864 1013 987 1094 quidem
1002 1012 1114 1076 veritus
1127 1035 1166 1075 ne

87 1119 123 1180 in
135 1142 246 1184 earum
259 1120 351 1184 etiam
364 1119 529 1182 editionum
548 1119 667 1200 aliqua,
683 1141 749 1205 quae
766 1117 929 1202 repetitum
940 1122 1034 1201 ἰρωω
1047 1118 1168 1203 Lipsrb-

88 1249 162 1288 nuns
171 1229 333 1310 coemptum
346 1225 489 1289 exhibere
502 1224 727 1310 profiterentur,
743 1224 856 1308 passim
869 1224 930 1287 alia
939 1227 1075 1307 quendam
1088 1227 1168 1290 scri-

87 1347 201 1416 ptura,
218 1333 282 1396 sive
296 1354 352 1417 per
371 1353 534 1417 operation
553 1351 710 1410 errorem,
731 1331 795 1395 sive
817 1353 874 1416 per
886 1332 1066 1396 correctoris
1077 1346 1168 1418 typo-

88 1439 230 1524 grapbiei
239 1439 460 1516 temeritatem,
473 1439 504 1500 iu
516 1439 617 1504 iocum
631 1439 784 1522 scripturn
793 1439 834 1501 ab
844 1433 912 1523 ipso
924 1436 1030 1523 lipsio
1039 1453 1168 1525 recepte

88 1545 283 1628 irrepsisset;
301 1546 440 1607 eamdem
453 1543 538 1606 illam
547 1546 672 1628 primam
693 1545 861 1621 ediubmm,
877 1565 969 1626 quam
982 1543 1074 1628 poulo
1096 1558 1166 1608 ante

88 1650 281 1726 memoravi,
298 1671 391 1712 tanam
404 1670 424 1711 a
439 1648 641 1732 Lipsio'etiarn
652 1663 722 1713 tunc
733 1649 892 1734 superstite
908 1663 1057 1727 curatam,
1073 1671 1167 1743 sepo-

87 1757 156 1820 sitis
166 1757 453 1842 aliisadbibeudam
468 1758 570 1841 putavi
579 1769 600 1819 ¹.

130 1861 275 1946 Denique
288 1864 336 1924 Jo.
350 1862 498 1925 Fmders'co
522 1863 662 1926 omnmo
677 1875 821 1943 quantum
835 1863 942 1926 debeat
952 1861 1086 1941 Seneca,
1108 1884 1167 1927 ne-

87 1969 209 2030 minem
231 1966 325 2052 tugis,
347 1968 399 2050 qui
418 1966 467 2030 vei
482 1968 588 2051 primis
603 1967 691 2030 labiis
713 1969 907 2031 humaniores
927 1969 1025 2054 attigit
1042 1970 1165 2037 litteras

87 2073 154 2156 Qui
167 2075 293 2156 quidem
304 2072 361 2150 vir,
376 2093 437 2136 uon
453 2073 553 2136 minus
569 2073 725 2158 prudentia
739 2075 962 2156 modestiaque,
975 2098 1067 2158 quam
1085 2079 1168 2162 inge-

87 2182 143 2242 uio
162 2194 196 2242 et
210 2180 348 2243 domrma
368 2179 533 2255 excellens,
553 2193 584 2241 et
603 2181 633 2240 in
651 2180 838 2264 corrigendis
860 2183 1010 2268 corruptis
1030 2197 1167 2248 veterum

87 2301 252 2352 auctorum
265 2286 342 2350 locis
354 2286 481 2350 nimium
498 2287 562 2349 t‘ere
574 2287 711 2364 timidus,
730 2287 762 2348 in
774 2284 920 2371 Lipsiauo
933 2302 1074 2352 contextu
1084 2311 1167 2354 non·-

87 2395 150 2458 nisi
161 2415 261 2478 pauca
274 2397 322 2474 (ut
337 2395 429 2455 modo
442 2393 592 2470 dicebam)
607 2394 749 2466 mutavit;
770 2397 808 2455 de
827 2395 965 2478 piurimis
979 2417 1053 2460 vero
1066 2400 1167 2462 corri-

86 2503 197 2586 gendis
210 2503 242 2563 iu
258 2501 387 2584 egregiis
400 2503 431 2561 in
445 2502 581 2562 Senecam
596 2499 683 2561 Notis
705 2513 862 2584 perspecte
886 2503 1020 2581 monuit,
1043 2519 1074 2568 er
1093 2527 1167 2570 ω,-

87 2609 188 2692 ruptis
202 2609 294 2671 etiam
308 2621 378 2670 tunc
398 2607 473 2670 loeis
496 2607 574 2670 bene
596 2606 698 2669 multis
726 2594 905 2690 presentem
927 2609 1041 2675 ibidem
1068 2614 1166 2676 attulit
1205 2668 1207 2671 .

88 2714 291 2790 medicinam,
306 2735 376 2777 cum
386 2735 422 2776 ex
434 2713 534 2776 mestis
545 2713 728 2790 codicibns³,
740 2727 806 2776 tum
816 2714 940 2778 subinde
951 2737 988 2779 ex
998 2721 1166 2804 perspicaci

84 2821 264 2903 conjecttsra
285 2833 433 2904 paratam.
451 2817 684 2884 Gronovianoru
704 2833 874 2884 contextum
894 2825 1086 2916 ejusdemque
1107 2829 1164 2892 viri

123 3087 135 3118 ¹
149 3082 296 3136 Editiouem
308 3080 380 3135 iilam
390 3082 606 3152 Antsserpr'ensem
616 3103 685 3135 anno
695 3081 784 3136 MDC
785 3084 816 3135 V
824 3103 955 3156 prorutam
971 3099 1113 3142 constanter
1128 3089 1161 3142 ob

86 3165 180 3220 oeulos
193 3167 257 3220 etin
268 3167 356 3220 animo
370 3165 446 3219 habui
458 3202 466 3231 ,
478 3166 574 3238 quoties
587 3166 614 3218 iu
626 3166 700 3219 Notis
711 3167 802 3219 uostris
814 3167 904 3222 criticis
922 3169 1011 3239 Lipsis‘
1025 3175 1161 3226 editionem

89 3253 160 3318 (bec
169 3253 298 3326 scripturn
309 3252 460 3325 compendio
469 3266 541 3308 utens
550 3291 558 3318 ,
568 3254 607 3305 ed.
614 3250 710 3321 Lips.)
720 3252 804 3305 citeri.
815 3255 848 3307 ln
858 3253 952 3308 eisdem
959 3256 1050 3323 Notis,
1062 3278 1093 3310 ne
1104 3278 1161 3312 aenh
1204 3241 1207 3246 Ι

86 3337 213 3412 Ιιὶςιίωω
222 3337 350 3390 falleretur
362 3337 467 3404 Lector,
479 3356 600 3410 nuperum
612 3336 771 3406 Lipsimsem
779 3339 916 3392 edilium
927 3361 1057 3412 nunqnam
1066 3343 1116 3397 boc
1130 3344 1162 3396 ti-

88 3421 145 3476 tulo
155 3419 245 3486 einviz
254 3417 363 3488 sed,ubi
373 3417 404 3470 de
414 3438 443 3472 ea
452 3417 535 3492 agitur
543 3457 551 3485 ,
560 3429 700 3474 constanter
708 3417 817 3472 Faiitoris
828 3418 974 3495 liuddopfii
980 3424 1085 3480 nomine
1092 3423 1160 3480 banc

87 3525 130 3558 ans
178 3525 222 3559 tot.
889 3544 892 3547 Δ

121 3525 214 3643 ἰεἶνω
222 3591 298 3642 codd.
310 3597 405 3642 mestos
414 3587 586 3660 Epistolarum
599 3587 700 3640 Senecae
712 3599 801 3662 presto
811 3588 888 3641 tuine
903 3587 1032 3646 Gmnooio
1045 3594 1158 3670 reperio:

85 3675 203 3750 primum
210 3715 218 3742 ,
226 3670 727 3744 membmnasqssoealt'quandosttemnd
739 3671 847 3725 Gnetm‘
856 3712 863 3741 ,
875 3677 993 3729 mudum
1002 3688 1090 3732 umas
1099 3701 1160 3734 cram

88 3779 157 3816 enas
168 3759 417 3816 Animadvertebas
424 3759 508 3812 edent
516 3773 526 3820 ,·
533 3775 638 3828 quarum
650 3755 756 3808 membr.
768 3756 924 3811 mentionem
932 3759 991 3813 fecit
1000 3759 1030 3814 in
1040 3762 1114 3819 Pras.
1124 3766 1159 3819 ed

89 3845 219 3900 minorem
230 3841 288 3898 edit.
298 3841 404 3897 Elsevir.
412 3840 482 3914 1549.
491 3839 591 3912 Quibus
597 3859 720 3900 amouere
732 3837 824 3893 deinde
834 3842 878 3908 (nt
886 3842 959 3896 docet
968 3844 1036 3900 idern
1047 3847 1158 3903 Gronov.
1244 3879 1248 3886 ·

89 3927 117 3980 in
128 3927 284 3982 Preiatione
296 3926 421 3981 decennio
432 3937 490 4000 post
501 3925 604 3998 scripta,
616 3945 694 3996 quum
708 3937 860 3998 repeteretur
872 3923 959 3979 eadem
977 3929 1061 3982 minor
1080 3932 1156 3986 editio

90 4009 267 4078 Elseviriaua)
285 4009 335 4064 dno
353 4009 396 4064 aiii
410 4011 524 4079 codices,
539 4010 601 4063 aiter
615 4009 784 4080 Effnrdensis
801 4010 873 4073 (non
890 4012 1082 4068 confundendus
1097 4035 1157 4068 curn

91 4096 281 4170 Ampioniano,
291 4096 321 4149 de
329 4116 381 4168 quo
391 4094 585 4168 supradictum)
594 4131 603 4160 ,
612 4095 675 4148 aiter
686 4095 743 4148 Nic.
755 4093 873 4160 unnim
881 4114 909 4150 ec
920 4108 1039 4169 pumen
1049 4119 1078 4151 er
1088 4100 1157 4153 duos·

90 4177 138 4232 bru
148 4177 278 4236 eodieibtu
288 4176 493 4236 Bruzsttenibn
506 4175 610 4248 aliisque
622 4189 742 4253 ,excerptae
755 4176 894 4234 lenones.

213 4275 277 4346 111.
986 4271 1012 4347 3
