2975 4992
207 383 211 393 ’
269 469 275 484 .
340 433 406 500 aea
634 426 1121 499 nanumsnuuon

298 569 315 621 8
339 583 429 630 more
452 583 537 653 ergo
561 581 633 628 uon
660 574 712 628 est
738 555 1417 630 matum.»1>rotociuitltbemtussum

339 689 448 762 metu3
469 688 545 768 post
568 673 640 742 haec
658 697 728 742 non
743 670 909 742 dubitabo
926 674 1106 768 porrigent
1124 671 1316 743 cervicem!
1341 679 1417 743 Non

338 791 390 860 vie
408 791 560 860 severius
586 790 680 884 loqui
692 840 705 876 ,
732 814 798 859 noo
822 791 987 860 morituro
1011 792 1120 858 riaum
1143 793 1316 860 movere?
1340 795 1416 861 Non

219 929 222 938 ·
335 905 531 978 mehercule
547 907 646 976 facile
660 906 724 974 tibi
739 905 904 992 dixerim,
918 923 1035 974 utrum
1046 906 1202 1000 ineptior
1215 907 1342 994 fuerit,
1356 912 1417 1003 qui

338 1047 374 1092 oe
387 1024 453 1092 hac
466 1023 733 1118 interrogatione
742 1022 911 1116 jndioavit
922 1023 1041 1090 mortio
1051 1039 1179 1092 metum
1190 1025 1413 1119 extinguere,

338 1165 383 1208 nn
397 1143 458 1234 qui
470 1140 554 1224 hoo,
568 1156 730 1233 tanquam
743 1137 789 1215 ad
803 1162 875 1207 rem
888 1139 1098 1233 pertineret,
1116 1156 1264 1210 conatua
1277 1159 1331 1210 eat
1351 1144 1417 1211 aoi-

339 1279 421 1326 vere
434 1259 459 1324 ¹.
479 1259 565 1324 Nam
593 1271 628 1324 et
649 1255 721 1350 ipae
747 1256 1048 1350 interrogationem
1072 1257 1286 1326 contrariam
1307 1282 1418 1352 oppo-

339 1373 425 1457 suit,
442 1395 482 1439 ex
497 1393 538 1439 eo
551 1385 681 1455 natam,
699 1357 792 1463 quod
804 1386 947 1440 mortem
963 1373 1055 1441 inter
1070 1371 1334 1442 indifferentia²
1353 1397 1417 1466 po-

296 1517 315 1572 9
339 1485 474 1569 nimus,
503 1509 580 1580 quae
607 1485 767 1592 ἀδιάφορα
790 1488 903 1556 Graeci
928 1502 1063 1557 vocant.
1094 1514 1112 1551 α
1126 1487 1250 1571 Nihil,
1273 1489 1411 1581 inquit,

338 1602 541 1672 indifferent
566 1604 753 1698 gloriosum
770 1619 823 1674 est
846 1631 855 1672 z
877 1628 968 1674 mora
985 1620 1099 1674 autem
1119 1605 1307 1699 gloriosum
1331 1621 1410 1673 eat:

338 1743 420 1814 ergo
439 1742 529 1788 mora
547 1737 685 1792 nonest
704 1720 952 1791 indifferent.»
973 1724 1055 1791 Haeo
1070 1722 1298 1816 interrogatio
1313 1720 1414 1790 videa

338 1834 399 1904 ubi
417 1833 574 1928 obrepat.
593 1839 688 1906 Mora
706 1861 778 1906 non
798 1853 850 1906 eat
869 1837 1036 1932 gloriosa,
1058 1838 1193 1906 fortiter
1219 1840 1307 1906 mori
1337 1837 1414 1932 gio-

292 1975 296 1986 ·
337 1951 465 2020 rioaum
484 1968 536 2019 eat
560 1979 568 2018 :
588 1967 642 2036 et,
668 1976 774 2050 quum
792 1952 877 2024 dicit
900 1980 918 2018 a
939 1954 1140 2022 indifferent
1165 1954 1256 2022 nihil
1282 1955 1412 2048 glorio-

337 2082 500 2153 tumeat,
520 2093 536 2132 o
558 2067 706 2138 concedo
725 2069 787 2139 tibi
811 2070 879 2151 ita,
903 2084 942 2136 ut
962 2068 1092 2152 dinam,
1113 2067 1205 2138 nihil
1224 2069 1413 2164 gloriosum

336 2206 430 2267 eoae,
452 2185 520 2251 nisi
546 2184 637 2252 circa
666 2178 937 2254 indifferentia&
967 2187 1147 2278 Tanquam
1173 2185 1413 2256 indifferentia

336 2321 410 2367 esee
428 2292 531 2368 dico⁴
553 2298 607 2396 (id
629 2316 700 2384 eat,
724 2323 790 2370 neo
806 2301 912 2384 bona,
934 2325 999 2370 nec
1016 2297 1130 2395 mula)
1147 2301 1324 2385 morbum,
1346 2302 1412 2370 do·

303 2413 307 2422 '
337 2414 466 2502 loram,
492 2431 748 2511 paupertatem,
779 2417 956 2500 exsilium,
982 2433 1139 2486 mortem.
1162 2418 1262 2486 Nihil
1284 2417 1411 2488 horum

281 2563 313 2600 ιο
337 2559 400 2628 per
424 2559 460 2604 ae
488 2535 674 2630 gloriosum
696 2549 770 2618 eat,
793 2533 882 2603 nihil
905 2551 1018 2604 tamen
1037 2533 1113 2604 aine
1130 2535 1187 2603 hia
1215 2562 1224 2603 z
1249 2534 1412 2604 laudatur

337 2653 429 2720 enim
447 2675 516 2720 non
534 2667 734 2747 paupertas,
756 2649 818 2722 aad
835 2674 937 2744 quem
959 2674 1029 2718 non
1050 2646 1240 2736 submittit,
1263 2676 1335 2721 non
1351 2655 1411 2721 in-

336 2785 471 2854 curvat,
491 2767 650 2839 laudatur
662 2753 731 2839 non
743 2769 918 2850 exsilium,
936 2766 995 2837 aed
1009 2769 1069 2860 qui
1083 2767 1149 2836 hoo
1163 2793 1235 2839 non
1251 2761 1263 2805 ⁵
1275 2766 1408 2856 doluit3

336 2884 494 2954 laudatur
511 2909 580 2954 non
598 2883 709 2973 dolor,
736 2885 796 2954 aed
818 2885 895 2967 ille,
913 2908 1015 2978 quem
1034 2882 1123 2950 nihil
1146 2886 1262 2979 coegit
1279 2885 1407 2970 dolor,

336 3026 436 3072 nemo
458 3017 600 3070 mortem
622 2999 757 3086 laudat,
782 3001 843 3070 aed
861 3025 962 3084 eum,
982 3000 1039 3070 oui
1062 3023 1153 3070 mora
1169 3017 1253 3071 ante
1268 3000 1411 3071 abstulit

372 3253 393 3288 1.
405 3234 516 3290 Solvere.
529 3237 578 3289 int.
587 3237 694 3292 refutare
704 3237 755 3292 hoe
764 3258 846 3312 argn-
893 3239 957 3292 brun
967 3276 976 3305 ,
988 3250 1034 3290 etr.
1046 3235 1157 3311 Egregie
1174 3238 1232 3293 hoec
1244 3239 1359 3291 Gronov.
1368 3237 1410 3290 sir

337 3328 459 3368 mentum.
891 3316 1408 3383 ,eonstituit,todd.etGrut.etErf.ssein·

370 3393 595 3466 a.1ndifferente'a‚
606 3392 654 3470 ige.
666 3406 781 3460 externa,
789 3415 846 3466 qun
892 3397 1018 3468 tianisqua
1025 3395 1207 3450 addicentibus.
1213 3397 1341 3450 Par-titula
1348 3407 1409 3448 ton·

338 3495 392 3528 non
404 3475 431 3527 in
442 3485 562 3547 potestate
574 3486 658 3527 nottra
669 3473 751 3547 potita
767 3488 826 3527 tunt
838 3493 845 3527 t
892 3494 974 3545 quam
984 3474 1108 3526 Senecam
1115 3473 1153 3526 uti
1162 3495 1209 3547 pro
1219 3475 1313 3539 veluti,
1323 3495 1408 3527 exem·

340 3554 559 3609 veloettimationa
574 3553 845 3627 digna,veiindigna.
891 3551 928 3626 pli
950 3552 1047 3625 gratia,
1066 3552 1119 3622 jam
1142 3554 1263 3628 pratiatur
1286 3564 1322 3606 eat
1339 3551 1405 3604 olim

338 3635 378 3690 Cf.
391 3634 423 3686 ad
440 3631 520 3706 Epist.
538 3647 618 3698 ιω,
632 3629 671 3686 32.
685 3631 765 3706 Liptii
782 3632 845 3685 Ma-
892 3634 1025 3698 numm,
1038 3634 1100 3685 atid
1108 3639 1160 3697 est,
1169 3650 1228 3702 qun
1238 3631 1335 3686 vocula
1341 3632 1406 3684 aliu

337 3709 399 3764 nuil.
408 3711 447 3774 ll,
460 3709 499 3762 23·
508 3707 598 3762 Ruhlt.
892 3724 1009 3782 torpente
1020 3731 1072 3764 este
1079 3709 1160 3763 solent
1167 3750 1176 3775 ,
1184 3711 1251 3763 bene
1259 3711 1343 3764 habet.
1351 3714 1406 3763 Aa·

370 3787 394 3840 3.
407 3787 469 3840 Nisi
484 3790 552 3840 circo
565 3787 741 3858 indrffinnlt'o
757 3806 767 3840 .·
785 3784 845 3858 quit
892 3803 950 3844 tea:
962 3789 1147 3863 Indiffirmta'o
1158 3800 1251 3842 autem
1262 3810 1319 3843 esse
1331 3792 1403 3855 dico,

337 3867 432 3921 seilicet
454 3885 508 3918 non
524 3883 592 3918 mora
609 3875 653 3916 aut
670 3862 744 3917 dolor
759 3882 803 3937 per
818 3882 845 3916 se
892 3887 937 3921 nec
946 3869 1014 3920 bono
1023 3902 1032 3930 ,
1041 3870 1169 3921 mmalo
1177 3906 1186 3936 ,
1194 3878 1325 3937 tanquam
1333 3887 1408 3920 w

337 3946 447 4023 gloriosa
458 3957 517 3997 sunt
528 3964 535 4009 3
546 3943 589 3996 ted
600 3942 645 3995 illa
656 3943 754 3996 sortiter
766 3943 845 4015 perfe-
892 3945 954 3998 bum
960 3983 969 4008 ,
983 3956 1028 3997 etr.
1042 3945 1133 3998 Italia

336 4027 416 4080 teudo
427 4024 508 4098 gioria
519 4035 683 4096 comparatur.
925 4021 1017 4076 &Sed
1031 4021 1406 4092 quthocmndotuotteas,

263 4119 266 4126 ’
288 4147 291 4160 ,,
370 4106 394 4172 4.
409 4102 549 4174 Tanquam
556 4101 736 4170 indifferentia
742 4119 797 4154 etse
806 4103 845 4152 do·-
894 4099 1032 4172 etquidam
1041 4099 1084 4154 hio
1094 4101 1219 4155 auctiores
1229 4115 1297 4155 :non
1306 4104 1404 4164 doluit,

335 4204 364 4238 co
377 4184 476 4255 (idest,
487 4181 845 4246 necbonomecmolamor·
893 4182 1014 4248 qumis
1024 4181 1087 4234 isset
1097 4197 1105 4232 .·
1117 4178 1188 4248 quod
1200 4191 1226 4231 at
1239 4178 1267 4232 in
1284 4178 1407 4233 Pinciani
