2975 4992
593 330 599 341 a

297 399 384 491 470
601 397 642 463 n.
669 396 848 465 nuum
872 396 1092 465 suuncio

318 525 399 593 dum
412 526 570 611 insieco,
582 526 655 617 jam
667 526 705 593 in
718 540 820 618 portu
835 540 924 593 sunt.
937 526 1047 619 Ergo,
1064 548 1169 619 quum
1183 540 1250 595 tam
1265 550 1386 621 magna

317 642 386 711 sint
409 640 500 709 inter
523 663 670 710 nummos
696 641 850 732 imosque
879 639 1098 727 discrimina,
1129 664 1235 733 quum
1259 641 1389 711 medios

317 780 454 847 quoque
468 772 630 847 sequatur
640 756 769 824 fructus
781 779 880 839 suut,
896 772 1057 847 sequntur
1066 757 1387 851 ingenspericulum

279 865 289 895 ²
317 872 362 939 ad
380 869 550 939 deteriora
566 871 752 957 redeundi;
770 896 839 940 non
858 872 1023 941 debemus
1036 874 1320 968 occupationibus
1337 874 1389 941 in·

318 983 474 1078 dulgere.
491 986 717 1056 Excludendre
735 1003 840 1057 sunt:
864 989 893 1059 ei
912 988 1016 1061 semel
1036 989 1261 1073 intraverint,
1281 990 1318 1056 in
1337 987 1388 1055 lo-

317 1127 396 1172 cum
410 1127 506 1171 enum
520 1103 603 1171 alias
617 1103 835 1174 substituent.
849 1104 1032 1197 Principiis
1050 1104 1186 1173 illarum
1199 1100 1385 1177 obstemus!

319 1219 444 1289 Melius
455 1243 526 1295 non
537 1220 725 1314 incipient,
743 1244 845 1313 quam
859 1220 1028 1291 desinent.
1046 1220 1143 1291 ane.

320 1485 424 1541 scopum
432 1467 533 1519 feriant.
544 1466 585 1521 Cl-
594 1467 626 1521 da
637 1468 727 1521 Ben'ei.
737 1467 780 1533 11,
791 1486 831 1537 aq.
879 1467 1046 1538 Romamque
1054 1469 1106 1521 lata
1116 1502 1125 1532 ,
1135 1465 1236 1539 Conjus
1247 1464 1304 1519 sola
1314 1464 1390 1517 tute·

320 1542 426 1596 Consul
437 1544 469 1596 ad
478 1545 556 1599 Marc.
565 1565 597 1617 q,
608 1567 637 1612 s,
652 1558 698 1599 ete.
708 1546 832 1599 ltutt.-
880 1545 922 1597 Ad
934 1546 1087 1619 Pompeium
1098 1545 1175 1611 dicit,
1185 1544 1232 1615 qui
1242 1541 1326 1596 solam
1331 1541 1392 1595 Cor-

209 1680 213 1686 ,
321 1620 832 1694 AddeboancanitaQuodnollesotare
880 1622 974 1676 neliam
984 1623 1119 1697 coniugem
1127 1620 1265 1676 extrabelli
1273 1620 1392 1674 tumultus

321 1699 368 1753 snb
382 1699 436 1753 ictu
446 1700 582 1770 Fortuna,
596 1722 648 1773 qno
658 1700 769 1755 mundus
781 1714 832 1755 erat
880 1700 979 1755 babuit.

327 1929 527 1943 fi———nss

486 2046 494 2062 ²
572 2082 883 2189 nr1sroti
912 2100 1135 2188 Lxx111.

793 2348 928 2371 n*

399 2572 577 2614 millum)
592 2573 828 2615 rnttotottttos
845 2574 1043 2615 SBDI'HOSAE
1060 2574 1192 2615 MMIS
1209 2573 1329 2615 attunt.

360 2712 481 2766 Errorem
492 2732 593 2778 eorum,
606 2711 650 2781 qni
661 2710 825 2783 philosophos
837 2730 888 2763 esse
900 2722 1058 2765 contumaces
1067 2710 1224 2774 existiment,
1234 2712 1334 2763 refutat.
1345 2711 1400 2763 Ete-

325 2795 381 2848 nim
392 2797 447 2849 veri
466 2794 608 2869 philosophi
617 2806 704 2847 amant
714 2794 796 2867 potius
807 2795 968 2867 magistratus
984 2815 1012 2847 ac
1024 2816 1108 2869 reges,
1120 2796 1201 2867 iisque
1219 2808 1310 2869 parcnt
1320 2832 1328 2860 ,
1340 2794 1401 2865 quia

326 2878 358 2932 iis
370 2878 526 2933 securitatem
537 2876 664 2951 publicam
674 2876 775 2929 debent
786 2878 809 2929 E
822 2878 947 2931 contrario
957 2877 1096 2931 ambitione
1109 2877 1179 2931 ducti
1191 2879 1219 2931 in
1230 2878 1297 2931 banc
1309 2897 1401 2949 repre-

326 2964 476 3017 hensionem
489 2962 583 3015 cadunt
597 2983 604 3014 ι
618 2961 648 3014 hi
661 2960 730 3013 enim
743 2980 841 3036 semper
854 2974 988 3036 appetunt,
1001 2961 1132 3027 invident,
1154 2975 1275 3036 perpetuo
1292 2961 1403 3031 inquieti

327 3062 353 3101 et
362 3067 428 3123 sape
437 3047 493 3100 irati
506 3067 513 3102 ε
527 3045 672 3120 philosophi
687 3058 771 3099 autem
782 3060 867 3100 amant
883 3059 995 3100 suctores
1008 3046 1084 3118 hujus
1095 3046 1157 3101 boni
1164 3086 1173 3111 ,
1185 3034 1308 3117 qnoniam
1324 3058 1403 3100 tran-

327 3131 408 3203 quillo
419 3131 472 3183 otio
483 3130 534 3182 frui
544 3130 618 3183 licet:
629 3130 756 3201 imputant
766 3150 866 3201 quoque
877 3130 907 3183 iis
916 3130 965 3183 boc
974 3130 1140 3195 beneficium,
1150 3131 1196 3185 etsi
1206 3130 1323 3205 pluribus
1334 3152 1404 3185 ron·-

327 3216 426 3289 tingat,
438 3212 599 3288 pbilosophis
610 3214 663 3287 ipsa
677 3214 746 3267 hunc
759 3227 857 3287 gratum
870 3215 985 3267 animum
995 3214 1117 3281 docente,
1127 3216 1253 3287 imprimis
1264 3236 1325 3291 erga
1339 3237 1402 3283 eos,

328 3301 373 3370 qui
389 3300 439 3352 boc
453 3296 534 3352 otium
545 3309 670 3369 prestant.
685 3298 762 3368 Quod
773 3310 803 3351 ut
815 3298 920 3351 maximi
931 3296 1020 3364 iaciat,
1042 3296 1156 3351 bortatur
1167 3298 1313 3367 Lucilium,
1328 3311 1355 3353 et
1369 3301 1404 3353 ad

327 3385 445 3438 viantem
458 3383 475 3437 i.
493 3402 516 3434 e.
528 3383 614 3434 hum
627 3394 746 3455 assurgat.
1307 3400 1310 3407 ·

360 3470 501 3541 Sepissime
514 3467 646 3521 observare
658 3467 734 3536 licet,
748 3467 772 3521 si
787 3486 870 3520 rernm
882 3467 1033 3539 memoriam·
1048 3467 1181 3522 nobiscum
1193 3482 1358 3541 reputamus,
1374 3492 1404 3525 eo

328 3556 434 3610 nominc
450 3554 614 3626 reprehensos
627 3573 678 3606 esse
695 3552 859 3625 philosophos
872 3566 895 3605 et
912 3553 1113 3627 philosophiam,
1131 3556 1201 3624 qnod
1218 3556 1285 3608 mala
1299 3558 1361 3610 inde
1384 3574 1403 3610 et

328 3640 479 3694 calamitates
496 3652 629 3692 manarent
646 3638 678 3690 ad
690 3638 872 3712 rempublicam
890 3637 1099 3704 concutiendam,
1113 3640 1177 3709 quin
1196 3640 1260 3692 adeo
1281 3655 1405 3694 everten-

328 3725 389 3778 dam
400 3742 407 3778 :
420 3725 533 3796 adeoque
543 3726 667 3797 sapientes
679 3724 720 3777 vel
732 3723 831 3797 publice
841 3735 967 3775 accusatos
980 3736 1004 3775 et
1016 3724 1082 3776 male
1094 3724 1208 3789 habitos,
1224 3726 1266 3777 vel
1277 3724 1347 3779 band
1358 3749 1404 3779 se-

328 3807 402 3863 mele
413 3810 513 3863 civitate
522 3809 550 3861 in
561 3808 664 3861 exilium
675 3808 765 3878 ejectos
777 3828 837 3861 csse.
850 3806 928 3880 Cujus
940 3808 1041 3878 quidem
1053 3808 1088 3861 rei
1097 3808 1181 3883 plures
1191 3810 1295 3861 luerunt
1306 3830 1402 3873 causae,

330 3914 387 3967 qne
394 3906 480 3949 tamen
490 3914 577 3947 omnes
585 3893 717 3946 commode
728 3893 770 3946 vel
779 3892 811 3946 ab
820 3893 987 3963 imprudentia
995 3893 1205 3968 philosophorum
1214 3935 1222 3964 ‚
1231 3894 1273 3947 vel
1285 3895 1316 3949 ab
1326 3896 1404 3971 igno-

329 3979 410 4033 rantia
417 3980 624 4056 magistratuum,
636 3978 677 4037 vel
687 3999 702 4031 a
712 3978 891 4031 malevolentia
902 3998 991 4031 eorum
1002 3979 1050 4051 qui
1058 3979 1222 4053 sapientiores
1233 4000 1310 4052 seque
1322 3982 1404 4055 impc-

331 4064 428 4117 dientes
437 4063 575 4139 quominus
585 4082 669 4115 rerum
677 4062 817 4133 potirentur
827 4100 834 4127 ,
853 4076 1012 4115 summovere
1024 4076 1147 4132 cuperent
1156 4102 1164 4130 ,
1180 4063 1276 4119 deduci
1294 4076 1403 4139 possunt

330 4147 363 4199 Et
375 4145 473 4219 antiqui
484 4159 509 4199 et
525 4145 605 4199 nostri
617 4144 735 4217 temporis
746 4144 850 4199 historia
862 4146 921 4200 satis
933 4146 1013 4199 multa
1029 4160 1053 4199 et
1068 4167 1096 4201 ea
1111 4148 1192 4203 tristia
1208 4148 1324 4223 exempla
1336 4170 1402 4223 pre·
