2975 4992
371 469 640 542 EPISTOLA
662 472 854 543 LXXIV.
1083 474 1150 571 687

100 603 192 673 statim
207 598 407 683 obduxeris,
428 616 464 669 ot
481 601 519 667 in
540 624 637 686 eum,
663 603 700 670 in
718 626 787 695 quo
810 604 956 698 scriptus
973 618 1048 690 ost,
1068 602 1152 699 pul-

99 723 214 789 verem¹
233 716 394 799 solveris,
409 719 447 787 in
462 717 582 787 eodem
599 736 746 813 uterque
762 722 869 790 forms
883 714 959 791 suit.
977 720 1081 814 Quod
1095 746 1153 791 re-
1176 764 1204 811 ²⁷

99 855 173 908 cmm
185 851 250 917 est,
266 858 332 903 neo
343 832 580 928 magnitudine
591 819 797 925 estimatur,
820 857 883 909 uec
900 859 1065 921 numero,
1087 858 1153 907 neo

101 972 253 1045 tenpors3
266 974 337 1019 non
350 952 458 1044 magis
471 950 635 1044 produci,
652 975 754 1045 quum
767 955 925 1023 contrahi
938 968 1064 1047 potest.
1078 958 1151 1023 Ho-

101 1085 210 1139 nestam
228 1069 355 1137 sitam²
372 1084 412 1135 ex
429 1083 569 1152 sentum
585 1081 753 1141 sonorum
772 1092 914 1140 numero
933 1072 970 1139 in
988 1086 1153 1164 quantum

100 1186 178 1253 voles
191 1185 342 1277 corripe,
361 1198 397 1251 st
413 1184 449 1251 in
461 1204 569 1252 uuum
582 1182 675 1253 diem
693 1207 796 1277 ooge3
812 1208 909 1278 mque
925 1186 1068 1255 honesta
1084 1197 1148 1254 est.

100 1303 187 1370 Modo
203 1302 305 1370 istius
327 1302 445 1370 Virtus
467 1298 649 1369 funditur:
672 1324 799 1396 regna,
820 1302 942 1386 urbes,
959 1303 1153 1397 provincias

101 1434 266 1511 temperat,
290 1418 359 1485 fort
374 1404 469 1511 leges
481 1457 503 1500 ,t
519 1417 601 1487 ooiit
614 1414 803 1504 amicitias,
828 1418 920 1489 iuter
943 1419 1153 1513 propinquos

101 1515 274 1626 liberosque
285 1531 460 1627 dispensat
472 1534 604 1619 officio3
621 1535 723 1604 modo
735 1549 830 1605 arcto
839 1535 909 1603 fine
922 1533 1154 1605 circumdatur

100 1651 309 1743 paupertatis,
329 1649 456 1733 exsilii,
475 1649 656 1719 orhitstis:
677 1675 746 1719 non
771 1667 883 1719 tamen
902 1652 1014 1720 minor
1033 1650 1101 1736 est,
1122 1652 1152 1720 si

100 1790 132 1835 er
139 1766 250 1835 altiore
260 1766 398 1861 fastigio
411 1767 448 1835 in
461 1768 645 1860 privatum,
661 1790 702 1835 er
717 1768 812 1861 regio
827 1768 863 1835 in
877 1767 1040 1836 humilem
1051 1759 1064 1803 ³
1077 1768 1155 1836 suh·

100 1880 237 1962 ducitur,
253 1904 297 1948 er
321 1879 460 1973 pubiioo
473 1895 509 1949 et
527 1880 675 1974 spatioso
693 1880 774 1974 jure
796 1881 832 1947 in
848 1882 1021 1977 angustias
1033 1878 1153 1950 domus

99 1996 143 2066 vel
158 1997 275 2091 sagoli
287 1998 371 2065 coit.
389 1998 499 2089 AEque
512 2013 636 2091 magns
649 2014 720 2080 est,
736 1998 868 2067 etiamsi
887 2000 925 2070 iu
944 2021 981 2067 se
994 2000 1149 2080 recessit,
1179 2016 1212 2071 οδ

99 2112 233 2205 undique
250 2113 387 2183 stolum
402 2142 413 2201 3
431 2114 654 2183 nihilominus
674 2116 766 2183 enim
791 2117 905 2209 magni
937 2116 1077 2209 spiritus
1102 2128 1154 2182 est

99 2245 126 2295 et
136 2230 252 2311 emoti,
268 2245 396 2297 esootae
406 2228 616 2323 prudentiss,
632 2230 885 2301 indeclinohilis
893 2232 1046 2325 justitiae.
1063 2235 1154 2326 Ergo

99 2370 180 2439 oque
205 2346 306 2415 bonta
324 2362 376 2415 est
399 2370 406 2412 ε
431 2346 568 2415 bertum
590 2348 683 2415 euim
704 2347 791 2417 iilud
812 2373 881 2418 uno
906 2348 980 2418 loco
1006 2350 1153 2443 positum

99 2479 155 2545 ost,
172 2466 301 2558 inipso
313 2480 445 2550 mente3
465 2463 607 2546 stohiie,
627 2464 777 2558 grande,
801 2466 1044 2559 tranquillum
1061 2467 1156 2560 quod

98 2699 261 2773 rumheqmis
267 2701 461 2755 commovearis.
470 2720 485 2747 a
495 2698 595 2769 Quibus
642 2717 688 2773 per
701 2717 814 2754 menum
832 2720 852 2754 s.
870 2702 975 2755 abacum
987 2721 1072 2775 sparso
1084 2700 1153 2757 teri-

99 2778 225 2830 Stoicornm
234 2778 308 2832 dictis
316 2776 468 2848 intelligitur
475 2796 532 2829 eum
542 2796 594 2830 esse
611 2836 614 2843 ¹
642 2778 736 2833 hehsnt
750 2781 791 2845 (et
809 2780 890 2835 lineas
906 2778 1052 2853 figurasque
1067 2784 1152 2837 doce-

97 2856 235 2926 prztipnom
245 2856 395 2910 Stoicorum
405 2853 484 2908 finem
492 2891 500 2918 ‚
507 2862 535 2906 ot
546 2854 594 2907 ho·
642 2856 704 2910 h'ant
712 2862 740 2927 ),
760 2870 833 2929 atque
851 2858 912 2911 iude
934 2856 1053 2911 Ciceroni
1071 2860 1081 2925 (
1091 2860 1152 2914 Not.

98 2932 179 2984 minem
195 2933 261 2986 intra
282 2933 413 3005 seipsum
431 2932 593 2999 contineant,
642 2936 771 3000 Deonll,
788 2932 1154 3007 tonussemitonium

98 3015 157 3067 omni
169 3015 293 3068 societatis
313 3012 418 3067 vinculo
432 3012 592 3083 expeditum:
641 3013 693 3067 sius
705 3032 712 3066 t
726 3034 739 3062 a
751 3014 805 3068 Nec
817 3014 862 3087 qui
880 3014 959 3069 abaco
974 3035 1108 3082 numeros,
1129 3027 1154 3069 et

98 3093 155 3161 qnod
173 3112 233 3145 vero
253 3092 353 3145 virtutis
373 3090 421 3144 fini
440 3091 593 3145 eontrarium
641 3088 747 3144 seetoiu
754 3091 857 3166 pulvere
866 3112 946 3146 meras
956 3090 1009 3145 Scit
1016 3091 1098 3146 risisse
1107 3112 1153 3146 va·

97 3181 138 3223 est:
146 3190 201 3223 nam
209 3171 304 3235 virtus,
314 3169 380 3222 inter
389 3169 506 3221 homines
513 3169 593 3223 sotie-
642 3172 708 3223 fer.»
718 3170 771 3224 Uhi
779 3170 922 3225 scholiastes
931 3172 1086 3225 :Geometrss
1093 3192 1155 3225 eon·

98 3247 135 3297 tati
148 3246 296 3313 destinatos,
311 3246 419 3319 ideoque
439 3260 527 3300 mutua
545 3247 594 3301 sihi
642 3249 706 3301 sueti
716 3262 775 3301 sunt
786 3248 814 3301 in
824 3249 901 3301 obsco
908 3288 916 3317 ‚
924 3248 1012 3315 radio,
1022 3249 1049 3301 id
1060 3263 1096 3303 ert
1105 3248 1153 3303 sli-

98 3323 175 3377 amilis
194 3324 330 3393 debentes,
354 3321 486 3380 conciliari
507 3320 597 3395 nequit
643 3345 696 3397 qno
705 3324 770 3397 stylo
779 3326 873 3378 formas
881 3325 977 3397 aliquas
986 3338 1010 3378 et
1021 3344 1154 3381 mensures

98 3422 145 3455 tum
158 3404 389 3477 imperturhstione.
407 3407 472 3461 Hoee
495 3404 596 3479 apothia
643 3401 671 3455 in
682 3422 782 3455 summo
794 3414 867 3457 terra
878 3415 1006 3455 annotare.
1018 3402 1154 3458 h-Hioe

98 3484 216 3536 commoda
239 3505 292 3537 esse
317 3497 397 3558 potest
412 3482 595 3557 imperturbato
644 3481 809 3535 Archimedes
817 3482 1155 3547 Gie.Tusc.V,23‚dicitur

97 3560 127 3613 iili
137 3564 236 3637 sapienti
246 3564 308 3630 ‚sed
316 3564 376 3618 odio
386 3564 465 3637 digua
473 3576 509 3617 est
517 3564 544 3615 in
553 3584 596 3617 so-
643 3558 721 3612 homo
732 3580 747 3612 a
759 3560 860 3633 pulvere
872 3559 976 3613 stradio
995 3560 1046 3613 Sed
1055 3580 1094 3615 rea
1106 3580 1155 3615 uo·

97 3639 145 3692 eisli
157 3642 213 3695 vita.
225 3641 254 3695 Si
267 3640 337 3695 enim
352 3644 482 3695 fatendum
496 3655 595 3695 estse·
642 3638 692 3691 tior
702 3652 752 3705 est,
769 3659 845 3711 quam
863 3651 891 3691 ut
912 3639 1020 3712 amplius
1032 3639 1056 3693 ei
1074 3660 1155 3713 erpo-

97 3718 143 3788 pius
151 3722 228 3773 suimi
238 3722 343 3774 affectus
355 3720 429 3773 nohis
437 3720 537 3773 dolores
547 3741 595 3773 ex-
642 3718 734 3773 nenda
748 3718 921 3771 immoremur.
933 3716 1023 3772 Ruth.

98 3796 175 3865 citare,
187 3818 260 3871 eque
270 3818 358 3850 verum
369 3813 471 3852 esteum
486 3798 594 3871 quinon
678 3817 701 3849 n.
719 3797 868 3851 Honestam
886 3798 1003 3851 vitam...
1014 3796 1156 3855 orbitatist

98 3875 167 3928 aliena
177 3891 292 3929 movetur
299 3876 452 3941 calamitate,
463 3897 593 3950 nunquam
642 3874 713 3927 Idem
723 3874 869 3948 paradoxon
877 3876 951 3927 affert
961 3874 1018 3929 cic.
1029 3876 1060 3937 de
1068 3875 1155 3929 Finib.

97 3952 217 4007 illomfore
225 3954 506 4027 quisociaiihusoffieiis
514 3956 593 4009 satis·
641 3956 690 4017 Ill,
701 3954 782 4020 14.st
794 3954 909 4007 -Totom
920 3954 970 4007 hoc
977 3966 1154 4028 argumentum

97 4031 167 4083 iaciat.
177 4035 218 4097 (E
231 4034 298 4085 notis
311 4032 452 4103 Logmnge
463 4034 592 4098 versum.)
640 4030 802 4105 pertractavit
814 4031 911 4105 lipsius
924 4032 1031 4085 Mauud.
1048 4031 1092 4085 lih.
1104 4032 1154 4087 111.

125 4126 144 4160 ι.
154 4111 188 4162 ln
202 4132 253 4182 quo
264 4114 374 4181 scriptus
385 4122 438 4175 est,
450 4114 592 4180 polosum.
641 4110 708 4163 Diss.
722 4128 753 4164 11.

96 4184 256 4241 Mathematici
269 4195 362 4241 veteres
375 4209 426 4241 non
440 4202 506 4243 creta
517 4186 545 4241 in
556 4202 592 4241 ta·
673 4185 698 4238 3.
708 4188 905 4257 Inprioatum..·
915 4191 943 4240 in
951 4188 1084 4243 hunnilertt.
1090 4187 1155 4243 Sub-

97 4260 161 4328 huia,
173 4278 201 4317 nt
208 4264 301 4331 hodie,
311 4264 355 4318 sed
366 4265 436 4319 radio
448 4266 475 4319 in
487 4266 591 4339 pulvere
641 4263 806 4320 audiissent.
