2975 4992
318 438 384 505 sss
606 434 647 501 n.
672 430 850 500 suunt
874 412 1086 501 senece

315 587 393 632 eum
410 577 490 631 ante
507 586 561 631 me
578 582 689 656 posse.
713 564 785 629 Hoc
801 584 907 629 unum
925 559 1011 627 mihi
1030 558 1254 645 occurrebet,
1277 561 1390 630 mino-

314 702 387 747 rem
400 702 495 759 esse,
511 694 545 746 et
556 676 661 745 multo
676 677 843 745 minorem
859 704 870 761 3
885 691 1045 768 tanquam
1058 674 1213 744 ordine‘m
1232 675 1299 742 iate
1319 700 1396 745 sen

313 792 453 865 vatent!
474 796 595 887 Itaque
612 792 748 863 assidue
762 793 967 886 cogitemus,
988 808 1056 861 tam
1075 790 1118 860 de
1136 808 1268 872 nostra,
1283 816 1389 884 quem

258 929 289 986 2³
314 912 485 995 omnium,
504 934 590 1002 quos
608 908 806 1001 diligimus,
826 908 1041 977 mortalitate.
1062 907 1164 976 Tunc
1181 930 1246 1001 ego
1271 906 1389 975 dicere

313 1026 418 1096 debui
437 1046 446 1092 ε
461 1027 578 1094 Minor
594 1038 645 1092 est
655 1024 805 1093 Serenus
818 1045 914 1091 meus
930 1048 940 1093 t
957 1021 1041 1115 quid
1056 1022 1101 1092 ad
1117 1045 1190 1093 rem
1207 1023 1357 1115 pertinet
1373 1024 1389 1089 l

313 1159 391 1237 post
408 1165 462 1211 me
480 1142 566 1211 mori
585 1139 688 1209 debet
698 1189 710 1225 ,
728 1138 788 1209 sed
800 1154 880 1208 ante
896 1162 950 1209 me
966 1154 1088 1233 potest.
1107 1139 1200 1234 Quis
1216 1163 1286 1206 non
1300 1138 1383 1219 feci,

315 1261 517 1353 imperatum
534 1257 646 1325 subito
665 1255 798 1325 fortune
817 1258 997 1349 percussit.
1012 1258 1112 1325 Nunc
1124 1257 1255 1350 cogito,
1270 1258 1388 1323 omnin

312 1388 347 1443 et
365 1372 521 1442 mortalia
540 1394 635 1455 esse,
654 1385 690 1438 et
706 1372 838 1439 incerte
859 1370 935 1463 lege
958 1370 1148 1439 morsalin.
1177 1368 1287 1438 Hodie
1308 1370 1386 1439 fieri

290 1496 292 1504 '
315 1496 445 1578 potett,
468 1480 637 1576 quidquid
653 1506 803 1577 uuqusm
820 1497 942 1576 potest.
964 1484 1160 1576 Cogitemus
1177 1506 1284 1575 ergo,
1311 1486 1386 1551 Lu·

310 1600 367 1667 cili
385 1600 576 1683 carissime,
598 1599 666 1666 cito
687 1620 748 1665 nos
771 1621 813 1666 eo
828 1614 1075 1693 perventuros,
1095 1623 1163 1691 quo
1182 1598 1278 1664 illum
1302 1622 1388 1691 per-

310 1717 444 1785 venisse
458 1738 651 1785 moeremus.
666 1717 708 1781 Et
722 1714 862 1785 fortasse
877 1690 928 1805 (si
943 1714 1065 1807 modo¹
1080 1715 1284 1810 sapientium
1302 1738 1385 1783 reru

280 1871 284 1884 ·
311 1833 398 1901 lama
420 1847 491 1914 est,
519 1830 710 1923 recipitque
729 1853 792 1898 nos
814 1824 908 1899 locus
929 1826 1080 1925 aliquis)
1100 1854 1201 1924 quem
1228 1847 1386 1923 putemus

310 1949 459 2041 perisse,
480 1946 672 2040 premissus
687 1960 750 2013 est.
766 1945 864 2015 Vale.

310 2141 406 2194 librum
418 2132 644 2210 de'l'renquillitete
652 2138 817 2212 inscripserat.
867 2139 962 2194 insulso
974 2160 1058 2195 sensu.
1069 2140 1160 2195 Ruit.
1171 2170 1205 2183 —
1221 2141 1273 2193 lnt.
1288 2152 1384 2195 certem

310 2212 373 2270 Vide
386 2220 535 2289 Argument.
546 2216 614 2269 illius
624 2216 699 2279 libri,
710 2217 741 2269 T.
750 2218 771 2268 l.
783 2216 818 2268 R·
870 2238 922 2270 esse
932 2231 1055 2281 mortem,
1076 2218 1203 2273 incertum
1214 2240 1276 2273 vero
1288 2233 1385 2293 tempus

338 2306 362 2347 t.
379 2295 418 2347 Ee
434 2299 530 2347 ineerta
550 2298 603 2363 lege
624 2296 758 2346 metatu.
776 2294 820 2346 Sie
869 2296 1091 2366 quomoriendum
1098 2298 1138 2350 sie

278 2372 282 2381 ’
307 2372 384 2426 editio
393 2384 478 2433 vetus,
487 2372 561 2427 codd.
571 2372 645 2423 Grut.
655 2372 789 2442 Modiique
796 2384 821 2423 et
904 2394 928 2424 ι.
936 2372 970 2427 Si
977 2375 1079 2426 ruodo...
1089 2378 1201 2445 aliquis,
1211 2375 1292 2429 dubie
1304 2388 1330 2427 et
1339 2388 1387 2427 tre·

309 2447 560 2520 Muretusangatae
573 2447 821 2501 lnbenttdlortalia
870 2450 930 2524 pide
948 2471 1022 2523 super
1040 2452 1246 2518 immortalitas,
1266 2464 1297 2507 ut
1313 2454 1384 2506 eliss-

308 2546 364 2580 esse
370 2536 397 2581 et
401 2532 497 2580 incerta
505 2530 682 2597 :legemorlali
688 2526 821 2590 lodieete.
871 2528 939 2580 Vide
949 2528 1063 2601 lipsium
1071 2529 1149 2600 Phys.
1159 2532 1215 2599 lll,
1225 2551 1251 2583 ιι
1265 2544 1291 2583 et
1303 2536 1341 2597 ιζ.
1350 2532 1385 2585 lt.

315 2702 1382 2735 Μ

592 2860 905 2949 EPISTOLA
938 2794 1135 2952 lxiv(

784 3046 919 3070 ..a-..-

437 3204 463 3255 0.
481 3204 594 3243 ffl'tll
612 3201 1260 3251 31·ΠΤΙΙῊΒΑΠΙΙΉΠΙιΑῦῠΑἱῚθ.

345 3316 436 3369 Narrat
448 3317 547 3387 amieo,
557 3336 584 3371 se
595 3316 689 3371 amieos
696 3319 819 3389 quosdam
830 3320 952 3395 excepisse
961 3340 1032 3376 omne
1041 3360 1049 3387 ,
1061 3323 1138 3395 inque
1149 3322 1199 3376 illis
1207 3336 1232 3375 et
1241 3322 1369 3379 Lucilium
1384 3362 1392 3382 ‚

312 3418 456 3471 quenquam
469 3400 613 3469 absentem,
630 3402 713 3455 luisse.
728 3404 833 3457 lectum
843 3404 880 3457 ibi
893 3424 946 3458 esse
963 3404 996 3473 Q
1011 3405 1089 3459 Sextii
1103 3406 1178 3480 petris
1188 3406 1283 3459 librum
1296 3408 1387 3481 philo-

312 3483 459 3556 sophicum,
471 3504 546 3556 quem
558 3487 674 3540 maximis
682 3487 801 3542 lendibus
810 3492 882 3542 effert
891 3527 899 3554 ,
909 3488 1018 3560 ideoque
1029 3491 1108 3563 ipsam
1116 3490 1209 3544 deinde
1218 3494 1386 3567 sapientiam,

312 3566 382 3635 cnjus
393 3566 497 3636 quidem
512 3580 537 3619 et
549 3566 667 3635 invente,
680 3581 704 3623 et
715 3570 860 3625 inventores
869 3590 896 3622 se
910 3572 1026 3624 venerari
1038 3574 1145 3636 letetur,
1156 3573 1201 3626 sed
1213 3574 1248 3627 ita
1258 3588 1322 3628 utet
1334 3577 1386 3628 sibi

316 3650 386 3723 copis
398 3664 472 3704 restet
482 3652 603 3723 ampliora
617 3652 738 3718 faciendi,
750 3672 807 3722 quae
818 3656 946 3729 occeperit

591 3806 699 3842 ΙΙΗΙΩΔ
718 3808 845 3844 [Mino
862 3808 918 3844 800
936 3809 1081 3847 uisum.

357 3914 496 3981 Fursrr
509 3912 583 3981 heri
599 3914 785 3984 uobiscum.
806 3919 907 3986 Potes
929 3922 1049 4011 queri,
1076 3923 1106 3991 si
1127 3922 1204 3991 heri
1231 3940 1385 4009 tanturn,

310 4025 387 4095 ideo
404 4027 513 4122 adjeci
532 4081 541 4114 ‚
566 4031 740 4139 nobiscum
759 4060 770 4101 t
791 4057 923 4103 mecum
940 4038 1031 4105 enim
1048 4061 1183 4132 semper
1198 4062 1248 4107 es.
1271 4042 1389 4109 Inter-

309 4164 471 4216 venerant
491 4149 627 4241 quidam
646 4150 745 4241 amici
761 4200 772 4234 ,
799 4167 941 4247 propter
962 4178 1049 4246 quos
1068 4156 1176 4249 major
1193 4156 1306 4226 furum
1322 4158 1391 4225 fie-
