2975 4992
333 424 398 496 ιιι
617 426 658 494 L.
682 422 865 509 tuum
887 422 1107 495 sarucia

242 590 247 601 ·
332 546 520 647 formavit)
538 552 713 638 offendat,
739 575 839 623 nemo
857 550 1010 638 dubitat3
1028 550 1199 621 nonenim
1212 570 1297 646 opus
1312 576 1394 625 esset

332 668 418 736 inid
437 673 445 704 ¹
465 670 655 762 comparari
671 686 705 739 et
722 670 821 755 actu,
838 670 876 738 iu
891 668 985 763 qood
1001 670 1165 738 instinctu
1179 668 1325 763 quodam
1339 694 1394 741 vo-

331 785 480 856 luntario
493 787 638 872 iremus,
655 786 909 858 aioutferontur
920 811 1037 857 omnes
1053 787 1099 857 ad
1112 789 1393 859 conservationem

291 934 308 987 9
332 910 397 979 sui.
417 912 526 981 Nemo
541 909 668 996 discit,
688 928 750 996 ut,
777 912 807 980 si
823 934 961 983 necesse
979 910 1102 995 fuerit,
1118 934 1217 1004 aequo
1231 912 1342 980 animo
1359 914 1394 981 iu

251 1712 301 1924 i

331 1055 406 1101 rosa
421 1033 559 1127 jaceat:
576 1031 637 1103 aad
650 1034 687 1102 in
699 1034 770 1103 hoc
782 1032 951 1118 duratur,
978 1049 1017 1103 ut
1030 1035 1209 1103 tormentis
1229 1056 1300 1103 nou
1320 1033 1395 1103 suh·

330 1155 441 1223 mittat
450 1154 575 1242 iidem3
591 1170 629 1225 ut
637 1204 649 1243 ,
660 1157 688 1225 ai
698 1180 836 1226 necesse
849 1156 966 1244 fuerit,
980 1172 1091 1239 stans,
1107 1158 1211 1225 etiam
1219 1155 1395 1249 aliquando

330 1269 485 1353 saucius,
505 1292 569 1363 pro
583 1269 672 1339 vallo
688 1270 890 1365 pervigilet,
917 1286 951 1338 et
967 1294 1012 1340 ue
1029 1269 1099 1364 piio
1114 1268 1253 1363 quidem
1271 1268 1396 1339 insum-

330 1384 389 1453 bat
398 1433 411 1472 ,
433 1385 513 1477 quia
533 1385 620 1454 solet
637 1384 804 1480 obrepere
821 1386 959 1455 interim
978 1407 1115 1455 somnus
1128 1388 1165 1455 io
1184 1383 1324 1477 aliquod
1338 1383 1395 1452 ad-

331 1500 530 1573 miniculum
546 1478 1391 1613 ¹⁸00!i”³¹5eQffilkmjhsbetiacqmmffluffl³

277 1644 307 1680 ιο
331 1638 404 1686 esse
418 1617 510 1685 enim
529 1615 632 1687 debet
647 1611 820 1709 aliquis³,
840 1618 937 1712 cujus
954 1618 999 1687 sit
1011 1596 1396 1835 incommodiVT‘Quod

330 1848 863 1959 QQQQ’
886 1866 922 1919 et
936 1851 974 1919 iu
997 1874 1111 1920 rerum
1129 1842 1333 1933 naturam‘,
1360 1872 1397 1916 er

332 1990 399 2059 qua
411 1966 640 2061 prodierunt,
662 1990 703 2035 ao
715 1990 792 2037 mox
811 1991 1011 2061 processura
1025 1983 1131 2054 sunt,
1149 1964 1394 2051 reconduntur,

332 2085 495 2153 consumi.
518 2084 784 2197 Rfftitfflffl
795 2134 806 2169 ,
820 2108 899 2192 ⁸nou
922 2099 1080 2193 pereunt.
1100 2087 1143 2153 Et
1161 2108 1279 2167 mors,
1301 2106 1396 2176 quam

331 2206 604 2299 pertimescimus
617 2231 658 2275 ao
670 2230 885 2293 recusamus,
904 2208 1098 2277 intermittit
1110 2208 1236 2291 vitam,
1256 2229 1328 2275 uon
1339 2204 1399 2272 eri·
1418 2281 1425 2300 ,

332 2317 384 2422 pit
401 2352 409 2396 ι
437 2328 552 2398 veniet
567 2328 690 2399 iterum
707 2323 747 2415 ⁵,
769 2331 829 2422 qui
847 2354 909 2399 nos
923 2332 961 2398 in
979 2329 1091 2400 lucem
1109 2348 1279 2423 reponat,
1302 2327 1373 2396 dies
1382 2356 1399 2473 q

330 2559 356 2602 et
364 2547 481 2601 Pincian-
491 2548 519 2601 io
529 2548 581 2602 rui·
590 2548 665 2603 codd.
675 2547 840 2603 invenerunt.
919 2547 947 2614 4.
959 2548 998 2602 Et
1009 2551 1039 2602 ιἰι
1051 2568 1139 2603 rerum
1149 2556 1284 2601 mutam.
1295 2546 1337 2599 De
1345 2544 1398 2598 Be-

329 2628 449 2681 Ererorut
465 2639 490 2683 et
508 2627 570 2683 edit.
582 2638 653 2681 retur
666 2642 730 2681 :nec
741 2644 841 2681 oseem
889 2630 941 2686 nef.
955 2628 994 2692 V,
1010 2647 1066 2701 rap.
1078 2628 1102 2680 8.
1114 2630 1212 2681 Rerum
1225 2637 1318 2679 natura
1334 2622 1398 2677 nihii

329 2718 404 2761 estet.
418 2704 508 2760 Ruhk.
890 2703 983 2758 dieitur
995 2705 1121 2777 perdere,
1137 2702 1199 2774 quie
1217 2702 1345 2774 quidquid
1363 2701 1400 2753 iili

365 2804 387 2838 r.
398 2788 436 2839 In
448 2788 480 2839 id
488 2806 509 2841 e.
524 2806 547 2840 e.
558 2805 586 2837 o·
596 2789 624 2838 r'o
634 2786 708 2855 quod
719 2787 842 2838 testimo
891 2783 1025 2845 avellitur,
1037 2784 1071 2835 ed
1083 2781 1155 2835 illem
1166 2780 1251 2833 redit:
1261 2799 1310 2833 nee
1321 2779 1400 2853 perire

329 2866 607 2937 quodom·uoiaotort‘o
618 2867 714 2917 iremus
727 2879 735 2915 t
747 2861 775 2916 id
788 2873 840 2929 est,
890 2864 1029 2934 quidquam
1041 2874 1137 2935 potest,
1150 2860 1219 2933 quod
1235 2878 1288 2930 quo
1306 2858 1402 2912 excidat

329 2940 434 2993 Etenim
445 2940 467 2993 ei
479 2940 572 2994 iremus
584 2940 616 2993 ad
629 2952 736 2993 mortem
749 2940 839 2992 iustiu-
891 2962 945 2995 nou
966 2940 1063 3004 habet,
1086 2939 1130 2992 ted
1156 2936 1248 2992 eodem
1269 2936 1402 2991 resolvitur

330 3030 373 3073 eta
390 3017 500 3089 quodam
518 3016 677 3082 voluntario,
692 3030 720 3068 ot
736 3016 843 3069 ferimur
890 3021 962 3074 undo
971 3018 1086 3073 discedit.

330 3097 364 3150 ad
375 3095 591 3155 summationem
604 3094 700 3159 nostri,
711 3114 766 3147 uon
781 3114 844 3168 opor
924 3099 948 3150 5,
960 3098 1054 3150 Veniet
1063 3099 1166 3149 domm,
1177 3094 1240 3150 Hae
1250 3104 1289 3147 eet
1296 3112 1350 3145 nou
1360 3091 1402 3145 ilie

331 3188 395 3231 uret
412 3194 564 3229 uastauere
585 3186 609 3227 et
625 3194 714 3243 parare
733 3174 767 3228 ad
785 3194 842 3229 eam
892 3172 1059 3248 Pythagorica
1070 3171 1218 3237 ,sedetoiea
1229 3169 1352 3242 quedam
1358 3193 1403 3223 «e-

332 3264 440 3307 mortetu
450 3253 616 3307 subeundam.
892 3250 1013 3313 onustat,
1027 3249 1080 3301 tire
1099 3247 1154 3316 (ita
1163 3248 1317 3319 loquamur)
1329 3266 1403 3299 troo·

364 3351 390 3384 ι.
403 3331 480 3385 Mon
489 3334 627 3385 nullm.-
643 3332 843 3385 iooommodum·
890 3334 989 3385 sermio
1002 3348 1011 3384 r
1022 3348 1081 3385 oum
1094 3341 1150 3403 post
1161 3328 1231 3382 orbis
1241 3327 1402 3400 deflagratio·

332 3410 417 3463 Morte
437 3407 507 3463 erim
522 3408 557 3461 ait
576 3407 692 3463 animum
708 3408 842 3480 dissipari,
892 3428 965 3471 orm,
978 3408 1141 3462 ettoieuoem
1151 3406 1283 3476 inarime
1293 3446 1302 3473 ,
1314 3407 1403 3459 iterum

332 3485 440 3558 ideoque
457 3506 510 3541 noa
523 3486 616 3541 sentire
628 3487 842 3550 iuoommodum,
889 3488 956 3541 aliur
966 3487 1035 3541 orbis
1046 3500 1072 3539 et
1085 3487 1255 3557 διαιὸσμιισις,
1268 3498 1346 3557 atque
1358 3504 1403 3537 ea-

331 3564 401 3637 quod
419 3584 487 3621 more
508 3564 600 3617 habere
619 3564 704 3639 possit.
727 3564 768 3617 ct.
789 3564 842 3618 Cie.
890 3566 950 3619 dem
967 3578 993 3619 et
1004 3565 1083 3621 iidem
1101 3577 1263 3637 reponentur.
1277 3563 1350 3617 Vide
1363 3582 1403 3617 me

331 3644 405 3697 Tusa·
413 3644 439 3708 1,
448 3647 462 3697 5
470 3662 506 3715 eq.
515 3643 554 3695 ad
563 3642 692 3713 sequeutia
703 3641 770 3696 bene
779 3662 842 3697 ron·
890 3644 1004 3718 Phyriol.
1016 3644 1050 3697 lt.
1061 3643 1165 3697 oisms
1176 3642 1263 3695 xxtt.
1274 3641 1403 3715 Tangitet

331 3720 482 3792 iertlipaiur
490 3722 613 3775 Nostrum
625 3720 657 3775 de
670 3720 842 3785 Ben.V,s.1t.
889 3723 1021 3777 Lueretius
1032 3722 1082 3777 hoe
1094 3721 1189 3793 dogma
1201 3720 1245 3773 tib.
1257 3720 1298 3771 ΙΙΙ
1309 3719 1403 3771 ςιιΝιι

365 3797 390 3852 3·
406 3796 477 3851 Em
491 3800 559 3851 enh·
578 3798 652 3851 debe!
666 3799 774 3864 aliquit·
799 3796 841 3851 Sic
888 3801 1057 3857 rimateriaru
1073 3812 1184 3853 nostram
1200 3796 1403 3870 collegerimus

331 3890 397 3931 recte
403 3876 587 3931 madeteodd.
597 3878 656 3950 Ops
668 3876 758 3951 inepte
764 3875 841 3949 ruiqo
890 3879 952 3931 Post
962 3877 1077 3944 obitum,
1089 3894 1239 3945 rursumque
1254 3874 1383 3947 redegerit
1396 3912 1403 3935 ,

329 3959 442 4026 aliquid
448 3956 840 4011 Sehw.-Esseeos¹m...e'ucom-
889 3956 974 4009 atrita
989 3975 1059 4009 uuae
1077 3966 1113 4007 est
1126 3957 1209 4022 Atque
1223 3952 1317 4005 iterum
1331 3952 1405 4004 uobis

330 4037 445 4088 modam.
454 4034 566 4089 insuam
576 4034 840 4109 oporterethomiuem
889 4033 984 4087 suerint
998 4032 1057 4085 data
1070 4031 1170 4085 lumina
1184 4028 1259 4083 vitea:
1272 4030 1405 4083 Pertiueat

331 4113 577 4186 mortisupsresreut
584 4113 628 4169 ille
635 4114 738 4169 sentiret
745 4113 841 4167 iarom-
890 4110 1030 4182 quidquam
1042 4123 1126 4165 temen
1144 4108 1177 4163 ad
1190 4128 1235 4163 uos
1253 4108 1282 4162 id
1301 4128 1404 4180 quoque

331 4190 445 4249 modum.
890 4191 1019 4245 iactum.»
1033 4186 1150 4257 Lipsius.
