2975 4992
374 509 650 578 EPISTOLA
673 505 881 578 LXXXV.
1100 507 1167 574 585

95 641 401 734 Peripateticorum
415 637 553 733 quidam
569 634 793 732 respondent,
811 651 852 704 ut
863 631 1166 727 imperturbatum,

96 772 129 824 et
145 773 376 840 constantem,
394 771 429 826 et
447 757 521 824 siue
537 755 692 837 tristitia,
712 755 763 821 sie
778 752 1070 844 interpretentur,
1092 764 1170 818 tan-

99 893 204 962 quam
222 869 474 962 impertiebatus
489 868 635 954 dicatur,
654 868 714 962 qui
729 889 807 934 raro
820 863 1041 959 perturbatur
1052 877 1087 931 et
1099 886 1171 931 mo·

96 985 189 1070 dice,
204 1011 274 1057 non
286 988 346 1080 qui
358 1011 531 1080 nunquam
544 1013 551 1052 :
563 986 644 1054 item
655 991 724 1052 sine
738 987 871 1052 tristitia
882 1006 960 1051 eum
971 978 1041 1049 diei
1050 982 1148 1049 aiunt
1155 1029 1166 1066 ,
1193 998 1210 1050 3

96 1107 158 1197 qui
177 1130 248 1175 non
266 1122 318 1176 est
327 1105 496 1198 ,obnoxius
510 1104 671 1187 tristitiae,
689 1125 755 1171 nee
772 1102 934 1192 frequens
948 1099 1115 1169 nimiusve
1131 1100 1170 1166 in

95 1219 166 1287 boe
177 1221 262 1289 vitio
279 1246 287 1288 ε
303 1218 388 1288 illud
400 1221 491 1288 enim
504 1217 685 1287 humanam
699 1233 855 1286 naturam
868 1237 1009 1308 negare,
1026 1213 1171 1306 alicujus

96 1334 252 1402 animum
274 1335 456 1401 immunem
481 1355 553 1403 esse
579 1332 733 1418 tristitia3
763 1329 957 1423 Sapientem
983 1352 1053 1396 non
1077 1327 1171 1396 vinei

97 1471 244 1516 moerore
254 1499 265 1544 ,
286 1466 446 1523 caeterum
465 1449 557 1540 tangi
571 1473 578 1514 :
592 1463 680 1516 -et
697 1463 818 1516 caetera
840 1447 877 1514 in
900 1446 994 1514 hune
1008 1443 1168 1528 modum,

97 1587 201 1639 seetae
226 1595 294 1640 suae
319 1571 570 1664 respondentia.
600 1573 676 1640 Non
701 1570 738 1640 bi
763 1570 886 1638 tollunt
909 1569 1088 1650 affeetus¹,
1111 1565 1172 1636 sed

98 1705 307 1781 temperant.
327 1688 538 1781 Quantulum
556 1704 670 1756 autem
688 1688 841 1782 Sapienti
859 1684 995 1770 damus,
1016 1688 1044 1753 si
1061 1684 1174 1752 imbe-

98 1803 284 1871 cillissimis
301 1803 422 1871 fortior
437 1817 505 1886 est,
528 1818 563 1870 et
581 1804 800 1872 moestissimis
818 1803 944 1886 laetior,
963 1817 997 1870 et
1014 1799 1173 1868 effraena-

98 1920 242 1988 tissimis
260 1917 478 2001 moderatior,
500 1933 535 1985 et
552 1917 751 1988 humillimis
769 1919 904 2013 majori
921 1917 1043 2012 Quid?
1059 1918 1088 1985 si
1105 1916 1171 1983 mi·
1197 1937 1212 2002 4

100 2051 200 2106 retur
216 2035 427 2105 velocitatem
445 2059 538 2103 suam
558 2035 737 2120 laudans²,
761 2033 804 2104 ed
822 2033 961 2104 claudos
974 2032 1174 2124 debilesque

99 2153 315 2248 respiciens?

266 2277 313 2332 llle
325 2279 366 2332 vel
375 2279 474 2332 intaeta
483 2279 573 2351 segetis
581 2297 625 2352 per
634 2297 732 2332 summe
742 2279 841 2332 volaret

267 2361 407 2428 Gramine,
419 2380 466 2414 nee
478 2381 553 2414 cursu
565 2372 662 2414 teneres
675 2360 778 2416 luisset
790 2359 896 2424 aristen

268 2443 319 2498 Vel
329 2464 398 2498 mare
410 2465 454 2520 per
465 2445 594 2512 medinm,
607 2445 684 2498 ductu
696 2464 816 2515 suspensa
824 2445 949 2508 tumenti,

268 2531 357 2585 Ferret
368 2531 429 2598 iter,
444 2531 536 2585 celeres
550 2551 597 2584 nec
608 2531 715 2605 tingeret
724 2550 825 2602 sequore
835 2530 957 2603 plantes⁸.

101 2638 184 2703 Haeo
199 2651 252 2704 est
268 2636 452 2728 pernicitas
470 2658 534 2728 per
550 2659 586 2703 se
603 2636 781 2721 aestimata3
798 2656 869 2702 non
882 2658 957 2726 quae
969 2634 1175 2704 tardissimo-

102 2774 179 2818 rum
204 2749 384 2818 collatione
411 2749 580 2830 laudatur.
603 2749 723 2844 Quid,
745 2749 911 2819 sisarum
932 2774 1030 2821 voees
1052 2750 1175 2821 leviter

101 2964 150 3016 que
169 2943 209 2996 rei
228 2954 318 2995 natura
339 2942 528 2996 determinetur.
548 2945 613 3012 Qun
696 2963 719 2996 s.
732 2943 956 2996 Laudemusne
969 2943 1132 3016 scriptorem,
1145 2945 1175 2996 in

101 3035 174 3086 suut,
191 3019 360 3092 inquiebant,
376 3019 506 3090 qualitates
522 3021 614 3091 quibus
662 3041 712 3092 qua
728 3041 817 3075 omues
835 3022 887 3074 fere
906 3020 964 3075 edd.
983 3035 1007 3074 et
1023 3021 1097 3074 eodd.
1110 3022 1174 3074 mire

102 3099 254 3171 dignoscere
270 3109 339 3170 potes
355 3095 479 3169 longum,
497 3097 615 3168 largum,
663 3099 819 3169 conspirant,
832 3098 931 3171 Lipsius
941 3099 1035 3172 primus
1045 3097 1175 3171 respuitis

102 3197 210 3252 parsum
216 3216 225 3240 ‚
238 3194 375 3246 mapsam,
387 3173 477 3228 breve?
487 3174 614 3228 Tribusne
663 3176 742 3229 Eleet.
763 3197 792 3243 r,
813 3175 856 3240 ab,
872 3175 1003 3229 restituens
1014 3197 1043 3228 es
1053 3175 1174 3246 ingenio:

102 3255 190 3330 granis
217 3253 336 3307 frumenti
359 3251 467 3306 efficitur
487 3251 615 3307 acervus?
662 3251 767 3305 Ladas.
784 3252 914 3315 Muretus,
938 3251 1039 3306 Gruter.
1059 3252 1175 3306 Gronov.

103 3353 157 3386 non
170 3329 241 3384 ellici
252 3328 457 3404 respondendum
471 3342 530 3383 urst.
544 3331 614 3399 Qus·
663 3329 741 3383 secuti
751 3341 817 3383 sunt.
827 3329 905 3382 Enim
919 3349 979 3383 sero
994 3329 1017 3384 si
1031 3330 1175 3403 eruperio-

101 3407 213 3464 tuosne?
228 3409 298 3461 ldem
310 3405 456 3482 respobsum
468 3407 519 3461 :sio
530 3407 615 3461 inter-
663 3409 733 3462 ribus
744 3409 843 3482 sepiens
855 3423 994 3462 resumetur
1003 3409 1036 3462 sd
1047 3409 1102 3464 beo
1113 3431 1186 3480 ver--

102 3485 616 3627 {bittit'ltsi'liltllit⁸5:¹¹5.
663 3488 1177 3640 ltt‘ffss'tli'sstlsssliii‘llli'ss

102 3643 207 3698 tandem
218 3643 567 3714 responderemcceaeersus
578 3644 616 3717 es·
664 3643 758 3698 laude?
772 3647 860 3714 ltaque
873 3645 917 3698 ille
927 3665 1023 3709 elusor,
1034 3646 1094 3700 setis
1103 3647 1176 3698 eele-

93 3719 195 3791 fies'tur,
216 3739 365 3794 responsum
386 3733 457 3772 tuum
477 3719 615 3774 absurdum
665 3722 1175 3795 berinOlyrnpieis,quemePsussaisll,

103 3821 155 3854 esse
169 3799 301 3861 dicebaut,
322 3799 442 3869 quonism
457 3798 516 3852 inde
537 3799 616 3853 eolli—
667 3822 710 3872 sq,
731 3801 763 3864 6,
778 3801 829 3866 ΙΙΙ,
842 3821 871 3854 ar
884 3798 941 3854 init.
954 3802 1033 3867 Vnt,
1049 3821 1093 3867 rs,
1107 3802 1176 3856 3ed.

103 3879 210 3951 gebatur
225 3898 255 3931 es
269 3897 322 3930 nno
334 3896 413 3950 grano
429 3877 532 3931 existere
549 3877 616 3929 inter
663 3877 724 3932 Fae.
738 3879 896 3946 (etormet
905 3878 946 3932 sd.
959 3878 1051 3932 Catuli.
1060 3882 1109 3945 55,
1122 3883 1174 3946 25.)

103 3977 223 4012 seersum
236 3969 262 4010 et
270 3956 299 4009 id
309 3957 378 4027 quod
387 3977 440 4010 nou
450 3969 487 4010 est
496 3975 614 4022 acerras,
665 3956 742 4028 probe
752 3957 893 4023 noscimus,
905 3956 932 4008 in
939 3956 1048 4009 stadium
1055 3976 1130 4010 suum
1137 3978 1177 4011 re·

104 4034 286 4090 differentiam.
666 4035 736 4088 dest!
749 4035 840 4088 fluor.

139 4133 161 4166 ι.
173 4114 276 4168 Nonii
292 4112 364 4180 (scil.
376 4113 616 4187 Peripatetieiltol-
685 4112 723 4165 .3.
744 4114 978 4181 Illa....plontas·
998 4115 1092 4168 Versus
1118 4127 1177 4166 sunt

102 4195 161 4246 lunt
171 4192 292 4264 affectas.
312 4191 386 4256 Adde
403 4191 513 4245 similem
532 4189 616 4246 lotum
666 4188 759 4260 Virgil.
769 4190 833 4242 AEu.
850 4191 900 4244 Vll
911 4227 920 4259 ,
932 4191 985 4246 808
1001 4211 1056 4264 sqq.
1072 4192 1103 4245 de
1122 4191 1178 4244 Ce-

106 4291 136 4325 es
147 4272 215 4328 libro
227 4273 260 4328 de
272 4273 312 4327 lre
324 4291 378 4346 cap·
393 4292 406 4340 7
421 4281 445 4324 el
458 4271 483 4326 8.
666 4269 847 4325 tumultuet.
