2975 4992
311 428 381 522 474
599 431 639 500 n..
663 425 843 498 anani
867 427 1086 504 sunnon

310 556 450 624 sortium
470 569 534 622 eat.
559 555 631 622 Neo
649 555 740 626 enim
762 573 872 628 eruent
894 559 958 651 iata
975 560 1184 648 eommunia,
1209 561 1276 628 nial
1306 583 1401 653 pure

309 671 446 739 illorum
459 671 648 762 pertineret
654 667 701 738 ad
710 671 863 764 singulos
876 699 885 740 ι
897 696 993 740 auum
1009 673 1116 740 efficit
1127 685 1152 757 ¹,
1165 675 1271 742 etiam
1286 673 1396 766 quod

309 809 351 854 ea
365 786 505 853 minima
521 787 678 877 portione
688 808 868 856 oommuue
882 803 944 856 eat.

265 931 284 983 a
357 900 478 994 Adjioe
490 923 602 982 nuno,
622 900 714 992 quod
729 924 852 994 magna
870 916 904 972 et
921 926 1003 972 vera
1023 903 1113 972 bona
1130 925 1200 970 uon
1217 904 1269 971 aio
1286 901 1392 970 divi-

309 1017 450 1104 duntur,
465 1033 506 1084 ut
516 1018 676 1110 originum
688 1018 726 1087 in
739 1017 889 1110 singulos
902 1015 1001 1086 eadat
1017 1043 1026 1086 ι
1041 1017 1087 1086 ad
1098 1041 1391 1109 unumquemque

308 1149 378 1203 tota
391 1134 612 1228 perveniunt.
623 1136 682 1202 lix
696 1134 895 1227 congiario¹
915 1149 1045 1204 tantum
1062 1133 1177 1202 lerunt
1196 1134 1365 1202 homines
1374 1183 1388 1219 ,

309 1265 472 1347 quantum
492 1251 529 1318 iu
545 1251 657 1342 oapita
675 1251 876 1342 promissum
890 1263 959 1334 θεῖς
976 1249 1113 1342 epulum
1128 1265 1165 1318 et
1176 1249 1387 1333 viaoemtio,

307 1380 344 1432 et
357 1366 385 1432 ai
403 1362 489 1456 qnid
499 1362 596 1433 aliud
605 1365 739 1459 eapitur
752 1388 873 1447 mauu,
894 1362 1038 1435 dieoedit
1051 1365 1088 1432 in
1102 1379 1215 1457 partes
1230 1391 1238 1430 :
1254 1379 1292 1430 at
1306 1363 1387 1432 haec

308 1478 485 1549 individua
496 1479 603 1562 bona,
620 1485 704 1573 pax,
725 1492 761 1546 et
771 1479 929 1564 libertae,
945 1497 1012 1550 tam
1027 1482 1178 1550 omnium
1191 1495 1263 1549 tota
1277 1503 1387 1572 quam

267 1636 285 1686 9
308 1596 520 1690 singulorum
540 1611 631 1664 aunt.
646 1596 783 1687 Cogitat
800 1596 914 1687 itaque
927 1598 1087 1689 Sapiens,
1110 1618 1290 1689 perquem
1311 1595 1385 1662 allai

308 1712 432 1780 horum
449 1734 531 1780 neue
545 1710 743 1801 fructusque
758 1713 952 1805 contingam
975 1736 1038 1804 per
1056 1735 1156 1804 quem
1172 1735 1242 1780 nou
1260 1711 1306 1778 ad
1323 1734 1385 1778 ar·

308 1846 363 1894 ma
376 1825 491 1910 illum,
508 1849 574 1894 neo
586 1823 631 1892 ad
644 1826 826 1894 servandae
838 1827 992 1922 vigilias,
1014 1849 1079 1896 neo
1094 1825 1137 1894 ad
1155 1825 1282 1894 tuenda
1298 1849 1384 1892 mm-

241 2007 244 2012 .
308 1941 410 2009 uiuet
422 1939 598 2033 multiplex
610 1939 692 2009 belli
705 1940 889 2022 tributum,
907 1939 1045 2035 publiea
1057 1942 1241 2010 necestitaa
1252 1955 1377 2010 vocet:

309 2059 448 2151 agitque
465 2056 686 2149 gubernatori
701 2081 762 2126 auo
785 2059 921 2151 gratias.
947 2061 1019 2128 Hoc
1041 2055 1141 2126 docet
1156 2057 1381 2151 Philosophia

309 2173 497 2266 praecipue,
518 2170 606 2239 bene
623 2169 752 2240 debere
769 2171 956 2255 beneficia,
977 2173 1065 2242 bene
1088 2172 1218 2240 aolvere
1237 2198 1245 2239 ι
1267 2175 1382 2242 inter-

255 2322 285 2370 to
310 2288 392 2359 dum
404 2304 517 2356 autem
528 2286 651 2356 uolutio
662 2304 714 2355 eat
726 2289 800 2381 ipsa
813 2287 979 2358 confertio
991 2281 1017 2354 ⁵.
1035 2286 1264 2356 Confitebitur
1277 2312 1378 2382 ergo,

307 2404 449 2487 multum
462 2428 499 2472 aa
516 2403 644 2472 debere
654 2404 707 2486 ei,
724 2404 822 2496 cujus
835 2402 1127 2472 administratione
1138 2426 1178 2471 ac
1188 2402 1378 2497 providen-

308 2624 408 2678 libertaa
422 2644 501 2696 quum
515 2625 569 2678 tola
587 2623 657 2677 bona
667 2622 818 2675 viderentur
865 2641 927 2674 uum
939 2620 1055 2674 distribui
1066 2620 1156 2687 tolita,
1168 2633 1192 2672 et
1200 2623 1279 2689 epula
1290 2623 1376 2674 visce-

309 2703 418 2771 Stoicia,
429 2717 517 2757 caetera
534 2703 620 2756 omnia
632 2715 716 2754 autem
732 2701 817 2754 iudil-
865 2699 1195 2774 ratioque‘publiea‚qunm
1207 2697 1377 2771 prinrepeaut

307 2782 428 2849 ferentia,
441 2781 571 2851 requitur,
583 2781 721 2854 eapieanm
732 2780 818 2832 aolum
865 2778 1022 2850 magistratus
1032 2777 1110 2830 daret.
1121 2778 1152 2830 lu
1163 2777 1243 2850 epulis
1257 2789 1342 2830 autem
1350 2790 1379 2830 at

308 2859 414 2912 divitem
425 2878 478 2912 ease
488 2875 496 2912 ε
506 2859 598 2932 quippe
609 2859 669 2928 qui,
681 2858 703 2912 si
713 2857 817 2930 quidem
845 2903 846 2908 ,
865 2858 992 2912 sacrificiis
1004 2855 1111 2932 publicis
1129 2857 1205 2911 etiam
1222 2877 1280 2911 caro
1296 2871 1322 2910 et
1335 2871 1375 2908 ta-

309 2936 383 3002 velit,
398 2937 485 2990 animo
498 2946 525 2990 et
538 2936 752 3010 contemplatione
764 2935 816 2989 iatia
866 2937 901 2992 lia
914 2935 1024 3010 partibus
1035 2935 1167 2988 distributa
1177 2933 1263 3006 :quod
1272 2935 1377 2988 Plutar-

309 3014 404 3069 raeteris
416 3035 473 3086 quae
482 3035 529 3087 pro
539 3016 613 3070 laonia
625 3016 765 3082 habentur,
775 3035 818 3068 ao-
866 3015 944 3082 elna,
965 3015 1050 3088 lipsio
1067 3014 1177 3075 citante.
1195 3025 1375 3084 argumentum

307 3095 348 3147 lua
357 3108 422 3148 reete
432 3096 469 3147 uti
480 3096 573 3169 pouit,
586 3115 721 3165 eorumque
731 3095 765 3148 ad
773 3115 817 3147 re·
865 3096 953 3170 priscae
960 3092 1108 3167 frugalitatis
1115 3091 1190 3145 habet
1197 3131 1204 3157 ‚
1211 3095 1305 3162 Queat.
1315 3113 1375 3145 oon-

308 3193 363 3225 ram
382 3173 526 3226 felicitatem
543 3193 597 3225 nou
614 3172 734 3245 indigeat.
747 3173 817 3245 Ergo
866 3174 942 3226 vival.
954 3175 996 3242 H,
1014 3192 1067 3247 cap.
1080 3171 1125 3223 ult.
1138 3171 1211 3225 Tom.
1223 3173 1279 3239 xl,
1299 3194 1324 3245 p.
1334 3191 1376 3242 97.

308 3250 396 3304 omnia
412 3250 531 3324 aapieutia
546 3263 623 3317 aunt,
639 3270 694 3302 uon
710 3270 818 3323 oeeupa-
866 3254 937 3305 llntt.
957 3255 988 3305 ln
1010 3252 1099 3305 Seuer.
1119 3250 1198 3326 Epiat.
1214 3267 1261 3316 tx,
1280 3271 1329 3316 ao,
1343 3253 1374 3304 tle

307 3329 400 3396 tione,
418 3330 463 3382 sed
478 3329 585 3392 auimo,
605 3347 653 3381 uec
672 3348 702 3381 ea
714 3326 817 3380 difficili
866 3332 1031 3385 visceratione
1039 3331 1135 3404 privata
1143 3349 1227 3384 sermo
1234 3342 1287 3395 eat,
1297 3349 1376 3400 quum

307 3407 677 3468 tuenda.VideCie.Parad.Vl‚
688 3405 817 3469 udeFln.
866 3431 895 3464 αι
905 3411 1027 3465 ttulficlo
1038 3424 1082 3463 aut
1096 3409 1140 3466 tali
1150 3429 1224 3462 causa
1238 3429 1297 3464 earo
1308 3410 1375 3462 ube-

309 3485 365 3551 111,
376 3485 513 3540 aasenec.
521 3484 648 3538 deBeuel.
660 3486 709 3538 Vll
719 3521 727 3549 ‚
736 3485 753 3537 3
762 3486 816 3552 et4.
866 3489 919 3542 rior
930 3501 993 3542 esset
1006 3507 1053 3542 naa
1068 3487 1117 3541 aoli
1134 3486 1317 3540 eonauuaeuda-
1335 3485 1375 3540 (ll.

308 3565 399 3619 Ruta.
866 3566 967 3620 Ernesti
985 3565 1058 3619 Clau.
1082 3565 1136 3620 eie.
1159 3563 1331 3636 Coqiarium
1352 3580 1375 3620 et

345 3661 365 3694 a.
385 3643 470 3696 Suum
492 3644 578 3716 efficit.
598 3644 685 3717 Vulgo
709 3663 815 3709 omues,
869 3647 1022 3700 Wsceratr‘o.
1036 3645 1127 3698 Ruta.

307 3720 380 3774 nullo
386 3739 475 3786 seusu,
486 3721 680 3794 socramffcitf
686 3721 817 3792 quomodo
898 3721 923 3775 3.
935 3722 1036 3777 Salutio
1049 3725 1159 3791 calipto
1169 3722 1303 3791 conferarii.
1320 3719 1376 3774 Be-

308 3811 334 3850 et
341 3799 454 3872 primum
468 3802 549 3852 luerat
558 3801 586 3851 in
602 3819 649 3852 ma.
661 3803 724 3873 Arg.
733 3800 760 3852 b.
771 3798 816 3852 aed
865 3799 988 3854 uelieium
1006 3801 1083 3854 aolrit
1101 3797 1230 3852 interdum
1245 3798 1291 3868 qni
1310 3798 1373 3852 illud

307 3876 339 3928 ab
356 3877 460 3946 antiqua
470 3897 550 3929 mauu
564 3889 703 3929 correctum
717 3896 794 3929 suum
806 3913 813 3936 ,
864 3881 992 3932 rouleasua
1008 3892 1044 3932 eat
1055 3896 1062 3930 ε
1073 3877 1183 3951 privatus
1194 3876 1263 3929 enim
1275 3876 1372 3930 nullum

305 3953 376 4024 quod
388 3954 463 4008 unice
473 3974 562 4007 verum
574 3955 694 4025 judieari.
704 3954 787 4008 scam
864 3957 973 4030 principi
979 3958 1070 4010 referre
1077 3952 1373 4029 poteatbeuafieiumzaed

340 4051 364 4084 a.
376 4031 428 4084 Ea·
436 4036 593 4104 congiario...
598 4045 689 4103 partes
701 4034 813 4100 :nom
864 4037 922 4090 satia
931 4035 974 4088 ille
986 4055 1032 4109 pro
1040 4047 1141 4106 accepto
1150 4033 1273 4086 beneficio
1283 4053 1310 4086 ae
1319 4051 1375 4107 gra·

306 4127 328 4162 e.
342 4131 364 4164 e.
375 4111 461 4166 oleum
471 4127 496 4166 et
512 4113 633 4186 pemuia,
645 4134 696 4186 qua
708 4113 814 4185 congius
864 4127 917 4166 tam
927 4111 1109 4176 ostenderant
1117 4112 1258 4185 principem
1270 4131 1317 4184 pro
1325 4129 1374 4164 rne-

307 4190 357 4244 olei
370 4191 421 4244 erni
430 4205 526 4277 poterat
535 4192 601 4246 inter
611 4190 731 4264 populum
740 4192 815 4244 urba'-
865 4191 912 4244 rito
927 4191 1075 4246 laudaverit.
