2975 4992
440 381 445 388 “
473 401 777 476 ruarmo.
1142 409 1185 476 23

117 546 194 609 olim
204 545 252 607 Jo.
264 543 418 628 Opsopmu
430 546 651 630 cimacxemplo
662 545 845 610 Erasmiano
857 545 999 622 muto,
1016 560 1192 632 excerptas·-

117 673 178 733 que
192 673 230 715 ex
243 650 289 714 eis
299 647 459 714 Lectiones
468 641 582 735 publici
595 651 670 733 juris
685 652 775 730 lecit,
789 650 923 737 primum
938 650 970 712 iu
984 651 1085 715 lucem
1100 655 1193 716 emis*

118 775 169 818 sas
177 757 210 818 in
217 777 256 818 ea
266 754 406 840 Operum
416 753 536 822 Senem
546 757 694 836 editione,
706 755 903 840 qnael'arisiis
917 777 997 819 anno
1010 773 1195 820 numme

118 863 251 946 prodiit,
264 861 335 926 Nic.
349 861 444 926 Fabri
457 865 555 927 studio
575 878 749 950 procurata.
766 863 842 946 Quae
855 861 1014 929 Lectiones
1026 863 1193 950 plurimum

119 969 210 1031 nobis
222 991 293 1034 cnm
309 969 382 1032 alibi
391 971 425 1032 iu
434 971 640 1034 constituendo
651 971 791 1033 editionis
804 983 912 1034 nostrae
920 971 1060 1055 exemplo
1072 971 1196 1056 prolue-

120 1091 210 1153 rnnt,
225 1067 289 1139 tum
303 1077 336 1138 iu
351 1097 389 1140 ea
401 1078 568 1161 presertim
584 1079 687 1162 operis
702 1091 807 1164 parte,
823 1099 882 1161 qua
896 1077 1047 1144 delectam
1060 1099 1127 1140 esse
1140 1099 1196 1139 no·

121 1195 217 1244 strum
234 1183 372 1247 codicem
386 1183 457 1264 Arg.
472 1184 501 1245 d.
519 1183 656 1248 diximus.
668 1181 711 1246 Et
727 1204 833 1246 omnes
842 1184 965 1266 quidem
986 1182 1032 1246 illi
1045 1181 1196 1267 Opsopoei

122 1291 244 1353 codices
261 1289 490 1374 probatissimas
513 1312 592 1376 mpe
611 1292 756 1354 lectiones
769 1311 830 1354 uno
851 1311 1000 1355 consensu
1010 1291 1098 1352 nobis
1109 1289 1198 1352 obtu-

121 1397 205 1469 lere;
223 1399 278 1460 sed
292 1397 345 1458 ubi
358 1398 438 1459 inter
457 1419 490 1461 se
506 1397 733 1482 discrepabant,
745 1398 789 1459 ibi
800 1397 861 1460 fide
868 1412 900 1460 et
911 1397 1062 1482 probitate
1072 1396 1197 1480 reliquis

122 1517 266 1587 praestare
276 1503 351 1566 mibi
362 1505 532 1567 Nicotcbuus
545 1505 628 1568 risus
638 1520 698 1576 est,
708 1507 749 1567 ad
761 1525 890 1586 eumque
900 1503 1038 1588 proxime
1051 1505 1197 1566 accedere

121 1610 201 1672 alter
212 1633 249 1674 cx
259 1611 413 1684 tammus,
428 1611 453 1673 is
467 1633 558 1693 quem
567 1607 741 1696 Opsopoeus
752 1612 817 1696 ipse
831 1611 945 1695 passim
955 1611 1105 1694 optimum
1114 1631 1197 1693 prac-

122 1717 235 1780 dicarit
247 1741 255 1777 ε
271 1737 364 1799 quare
378 1717 552 1796 volueram,
569 1731 603 1780 ut
616 1719 818 1801 frequentius,
835 1739 927 1799 quam
942 1716 1098 1780 illiricum
1111 1730 1196 1794 erat,

123 1823 305 1886 nominatim
314 1843 371 1885 uos
380 1825 529 1887 docuisset
539 1869 548 1899 ,
558 1824 681 1905 quinam
692 1845 729 1887 ex
737 1838 867 1906 quatuor
873 1822 1025 1887 codicibus
1037 1824 1198 1888 lectionem

122 1952 277 2013 quamque
299 1931 340 1992 ab
360 1931 427 2014 ipso
448 1931 622 1994 adnotatam
645 1931 818 2005 obtulisset;
834 1931 978 2014 quoniam
990 1931 1023 1992 in
1035 1931 1199 1994 lectionum

130 2038 348 2122 discrepantia,
375 2037 491 2101 ceteris
513 2038 663 2106 rationum
682 2039 844 2101 momentis
861 2037 999 2121 paribus,
1015 2037 1097 2100 baud
1108 2037 1199 2099 dubie

123 2165 235 2208 eorum
250 2144 388 2208 codicum
404 2144 568 2228 prevalere
581 2146 672 2209 debet
683 2146 863 2223 auctoritas,
877 2145 928 2227 qni
939 2145 1120 2227 ceteroquin
1128 2165 1200 2228 pro-

125 2251 277 2314 batissimi
293 2251 571 2336 suerintcomperti.
581 2253 642 2316 Sed
651 2252 725 2315 illud
732 2253 866 2324 maxime
875 2251 974 2330 dolui,
989 2252 1200 2336 parcissimum

125 2358 254 2422 omnino
275 2357 308 2418 in
327 2357 482 2421 enotandis
505 2359 642 2421 codicum
662 2378 787 2421 suorum
809 2357 988 2422 lectionibus
1009 2354 1200 2442 Opsopoeum

126 2464 221 2528 fnisse
229 2488 238 2538 ι
247 2465 358 2549 qnippe
370 2465 436 2546 qui,
447 2485 504 2548 pro
515 2464 639 2527 illorum
649 2485 736 2528 more
747 2480 932 2548 temporum,
942 2484 1005 2527 non
1012 2464 1071 2526 nisi
1082 2464 1127 2526 eis
1135 2464 1201 2525 lere

127 2573 160 2634 in
175 2571 253 2634 locis
265 2573 385 2636 codices
395 2585 507 2634 msstos
517 2572 713 2656 inspexisset,
725 2586 778 2636 aut
791 2586 872 2636 certe
886 2570 930 2634 ibi
946 2572 1046 2634 solum
1055 2571 1202 2633 lectiones

127 2675 255 2744 illorum
273 2677 467 2761 protulisset,
485 2678 538 2739 ubi
557 2680 703 2742 mendosa
718 2699 756 2742 ac
772 2679 898 2741 minime
914 2678 1038 2742 ferenda
1060 2677 1119 2761 ipsi
1136 2677 1201 2738 risa

127 2781 236 2844 l'nisset
255 2783 374 2867 vulgata
389 2783 547 2868 scriptura.
570 2783 633 2866 Qui
660 2785 686 2848 si
709 2784 838 2861 saltem,
863 2781 1203 2867 praeterErasmianmu

129 2887 327 2976 exemplum,
350 2889 484 2971 aliquam
499 2911 516 2952 e
533 2891 740 2974 superioribus
760 2890 941 2952 editionibus
955 2890 995 2951 ad
1010 2910 1135 2950 manum
1147 2889 1204 2950 ba·

126 2993 264 3074 buissel,-
287 2995 468 3078 vidissetque
489 3017 580 3078 quam
598 2996 709 3060 multas
728 2997 843 3080 probas
863 2994 1010 3060 lectiones
1023 2995 1085 3056 illae
1103 3008 1204 3057 essent

128 3101 295 3177 oblaturae,
322 3123 389 3182 quac
408 3123 517 3185 parum
534 3102 663 3166 feliciter
679 3102 719 3166 ab
735 3100 869 3165 Erasmo
884 3115 1005 3167 mnmtae
1027 3115 1116 3179 sunt,
1139 3121 1203 3163 non

127 3223 308 3292 gravaturus
329 3208 434 3274 luisset
453 3211 525 3293 quin
548 3212 697 3294 ejusmodi
713 3212 823 3274 saltem
841 3212 874 3273 in
893 3211 970 3274 locis
991 3209 1140 3274 docuisset
1154 3208 1205 3270 le-

128 3329 267 3392 ctorem,
282 3335 445 3396 quanam
459 3330 544 3401 parte
556 3317 601 3379 sui
612 3317 731 3382 codices
743 3332 866 3381 starent.

170 3419 233 3484 lsta
248 3419 397 3505 Opsopuei
414 3422 447 3484 in
463 3421 653 3507 proferendis
675 3423 815 3486 codicum
841 3444 967 3486 suorum
992 3424 1201 3507 parcimonia,

128 3549 225 3609 qunau
240 3528 409 3611 suspicarer
423 3541 524 3592 extare
536 3528 664 3592 tortasse
679 3528 773 3592 ctiam
785 3529 876 3593 bodie
890 3531 922 3592 in
934 3531 1083 3613 Imperant}
1095 3531 1205 3591 Biblo-

128 3637 216 3698 tloeca
229 3636 391 3698 Punbs'eusa'
403 3635 564 3700 nonnullos
577 3657 614 3700 ex
629 3637 743 3702 eisdem
759 3637 931 3714 codicibus,
949 3637 1057 3718 quibus
1069 3637 1122 3698 ille
1133 3658 1206 3699 usos

129 3755 213 3806 esset
223 3743 424 3818 ,desiderium
436 3743 512 3806 mibi
526 3744 630 3828 injecit
643 3745 837 3828 experiundi,
851 3766 892 3807 au
904 3745 1079 3807 uberiorem
1094 3765 1206 3825 mmm-

127 3852 205 3912 darn
226 3850 351 3913 illorum
367 3850 562 3914 collationem
583 3851 713 3947 nancisci
731 3871 865 3934 possem
883 3850 989 3932 ltaque
1009 3873 1102 3932 quum
1117 3851 1148 3912 in
1168 3873 1206 3913 eo

126 4082 157 4122 et
169 4067 277 4120 omniuo
288 4087 412 4140 perpauca
420 4089 447 4122 ex
456 4070 575 4123 omnibns
583 4069 694 4124 enotavit
703 4109 711 4139 ,
720 4069 784 4122 nibil
795 4071 865 4124 aliud
875 4109 882 4136 ,
894 4070 944 4122 uisi
953 4069 1001 4123 boc
1009 4069 1035 4122 iu
1044 4070 1207 4135 uuiversum,

130 4173 233 4242 possum
243 4155 408 4226 pronuntiare
418 4192 425 4220 ,
439 4154 543 4228 probam
558 4175 609 4208 csse
619 4192 626 4220 ,
635 4175 663 4208 ac
674 4155 762 4208 merito
771 4155 864 4208 deiude
874 4176 888 4207 a
898 4156 998 4208 Murato
1008 4168 1146 4230 receptam,
1156 4175 1208 4214 ωας

58 4311 67 4324 .
131 4251 214 4300 torem
226 4252 322 4310 partem
336 4239 471 4294 lectionum
484 4279 492 4308 ,
503 4261 565 4311 quas
575 4261 604 4294 cx
618 4238 669 4293 illis
680 4241 808 4296 codicibus
822 4240 966 4293 Pincianus
978 4240 1207 4295 commendaverat.
