2975 4992
326 426 394 511 482
620 422 661 493 1..
687 424 866 494 ANNAEI
891 422 1109 493 SENECAE

325 556 416 650 perit
428 555 555 649 gratia,
571 569 607 623 et
622 555 743 625 relatio
763 555 900 649 gratiae¹
917 554 1101 623 estimatur
1119 554 1234 641 labor,
1255 561 1284 625 si
1305 558 1405 649 quid·

325 697 428 764 quarn
440 672 623 766 pretiosius
634 670 891 754 adsuevimus,
908 672 937 739 si
951 694 1021 739 non
1034 674 1163 766 optimu
1176 692 1381 767 spectamus.

373 787 461 870 Sed,
477 803 516 855 ut
536 787 597 857 ills
617 802 818 880 preteream
829 792 857 871 ²,
877 802 937 857 aut
948 781 1016 856 'ista
1032 788 1123 859 bona
1141 815 1211 859 non
1226 810 1309 863 suns
1326 820 1402 887 quae

324 920 512 988 vocantur,
532 918 592 974 aut
613 903 714 973 bomo
741 902 876 973 felicior
892 904 965 973 Deo
982 920 1052 988 est,
1074 908 1233 1000 quoniam
1261 911 1402 1004 quidem

269 1030 300 1096 ιι
324 1044 403 1113 quse
418 1035 536 1114 persta
548 1016 649 1089 nobis
660 1035 761 1102 sunt,
775 1042 846 1089 non
857 1017 962 1088 babet
975 1021 1012 1088 in
1024 1046 1090 1091 usn
1103 1024 1214 1111 Dens3
1230 1050 1297 1096 nec
1310 1032 1401 1097 enim

323 1134 433 1205 libido
447 1134 494 1207 ad
514 1134 635 1218 illum,
663 1157 730 1203 nec
744 1133 925 1228 epularum
946 1134 1099 1219 lautitia,
1121 1164 1186 1209 nec
1211 1167 1313 1237 opes,
1336 1168 1401 1213 nec

323 1251 512 1345 quidquam
526 1273 567 1317 ex
581 1246 638 1317 bis
650 1249 823 1319 bominem
836 1250 1087 1336 inescantibus,
1104 1270 1139 1322 et
1154 1256 1216 1324 vili
1229 1256 1401 1353 voluptate

323 1363 529 1435 ducentibus
538 1412 550 1447 ,
571 1364 733 1455 pertinet.
754 1366 845 1457 Ergo
862 1380 921 1435 aut
936 1361 1103 1435 credibile
1121 1365 1211 1453 θεῖ’,
1223 1372 1316 1441 bona
1328 1376 1401 1443 Deo

324 1479 464 1568 deesse,
479 1495 539 1549 eut
552 1478 619 1548 boc
635 1480 747 1573 ipsum
763 1495 1002 1572 argumentum
1015 1477 1102 1565 est⁴,
1118 1484 1210 1555 bona
1221 1511 1292 1555 non
1305 1512 1398 1571 esse,

323 1622 401 1693 quae
415 1602 489 1667 Deo
507 1595 644 1671 desunt.
664 1595 805 1689 Adjice‚
823 1596 918 1701 quod
936 1598 1062 1681 multa,
1084 1626 1161 1693 quse
1180 1604 1271 1674 bona
1288 1606 1399 1674 rideri

324 1712 462 1794 solunt,
478 1710 703 1795 animalibus,
720 1734 822 1801 quarn
839 1711 991 1795 homiui,
1010 1714 1164 1807 pleniore
1180 1719 1397 1812 contingant.

270 1845 299 1895 ι5
325 1828 388 1897 Illa
407 1828 485 1896 cibo
504 1824 639 1895 avidius
659 1839 822 1912 utuntur3
844 1852 969 1899 venere
988 1853 1058 1897 non
1078 1854 1176 1923 seque
1190 1834 1398 1927 fatigantur3

325 1946 451 2014 virium
466 1943 535 2012 illis
547 1944 657 2035 major
668 1958 720 2011 est
738 1958 774 2011 et
787 1943 989 2035 aequabilior
1000 1946 1143 2016 firmitas
1162 1976 1170 2015 ι
1186 1952 1346 2041 sequitur
1364 1967 1400 2019 ut

326 2061 432 2131 multo
446 2059 599 2128 feliciora
609 2060 678 2130 sint
687 2060 838 2129 bomine.
851 2064 936 2129 Nam
947 2062 1022 2131 sine
1036 2065 1206 2157 nequitia,
1222 2068 1299 2135 sine
1313 2067 1401 2135 frau-

326 2176 427 2246 dibus
445 2175 595 2271 degunt3
620 2176 782 2248 fruuntur
798 2178 1049 2271 voluptatibus,
1072 2204 1155 2272 quas
1171 2198 1206 2249 et
1219 2185 1330 2277 magis
1346 2209 1400 2251 cs-

326 2295 443 2389 piuut,
461 2310 552 2362 etex
572 2294 681 2375 sacili,
703 2295 778 2361 sine
790 2293 862 2363 ullo
879 2293 1021 2388 pudoris
1035 2313 1094 2365 eut
1108 2300 1320 2391 poeuitentiae
1334 2326 1401 2369 me·

327 2430 377 2483 tu.
395 2410 583 2483 Considera
597 2429 634 2480 tu
647 2414 780 2505 itaque,
799 2437 843 2481 an
858 2412 894 2481 id
906 2416 1036 2482 Bouron
1050 2415 1237 2485 vocandum
1254 2420 1316 2503 sit,
1332 2444 1399 2511 quo

273 2537 303 2589 ιθ
327 2532 420 2601 Deus
431 2530 476 2598 ab
488 2530 626 2599 bomine
639 2530 802 2597 vincitur.
812 2530 989 2599 Summum
1003 2531 1129 2601 bonum
1143 2536 1179 2601 in
1193 2536 1309 2605 animo
1322 2561 1401 2605 con·

327 2640 540 2732 tineamus⁵3
561 2644 741 2714 obsolescit
761 2647 789 2713 si
810 2646 855 2715 eb
870 2650 997 2740 optima
1010 2651 1117 2717 nostri
1134 2668 1232 2745 parte
1253 2652 1299 2720 ad
1319 2676 1401 2745 pes-

326 2763 446 2831 simam
456 2761 595 2842 transit,
607 2774 643 2827 et
655 2759 860 2829 transfertur
872 2759 1062 2847 adsensus,
1077 2764 1138 2854 qui
1148 2765 1313 2857 agiliores
1324 2783 1402 2834 sunt

328 3002 470 3055 sedem
478 2997 721 3053 mssnostrsmlect.
729 3010 840 3050 tuentur.
889 2997 1403 3069 msstisAErgoantincredihileestborm

366 3098 386 3131 ι.
401 3078 474 3134 Perit
483 3079 591 3145 gratia,
606 3087 632 3127 et
643 3077 734 3127 relatio
744 3078 841 3142 grotioe
888 3074 948 3128 Deo
957 3078 1059 3131 deesse:
1071 3098 1101 3130 ex
1109 3098 1161 3148 quo
1171 3080 1306 3151 vulgatum
1319 3086 1405 3135 conle-

329 3160 478 3211 oestimatur
489 3156 573 3208 labor.
586 3153 628 3205 Sic
641 3152 756 3205 distinxit
768 3152 841 3205 Grut.
889 3153 923 3205 cit
932 3154 1054 3222 Muretus,
1063 3154 1134 3225 Ergo
1139 3167 1197 3222 ont,
1204 3160 1277 3227 quod
1287 3162 1404 3212 incredi-

298 3295 303 3303 ,
331 3234 410 3289 ecod.
422 3234 478 3287 Col.
488 3246 512 3286 et
524 3232 612 3305 probat
623 3232 732 3305 lipsius.
740 3234 841 3286 Antea:
890 3231 995 3297 bileesr,
1003 3234 1071 3286 borso
1079 3236 1135 3285 Deo
1143 3236 1252 3287 desunt:
1263 3238 1403 3292 nobisvero

331 3314 534 3381 Peritgretioet
543 3313 745 3379 relatiogrotr'oe.
754 3308 842 3373 AEsti·
892 3330 1036 3380 persuasum
1053 3324 1116 3373 erat,
1131 3332 1263 3383 perperam
1280 3318 1403 3369 incredib.

331 3403 438 3456 matur,
447 3403 493 3443 etc.
503 3389 593 3442 liubit.
892 3408 937 3460 pro
946 3391 1065 3443 credibile
1073 3392 1192 3463 scripturn
1203 3393 1318 3465 primurn
1329 3395 1404 3447 luisse

367 3490 390 3521 s.
398 3467 454 3521 Sed
460 3470 545 3521 utillo
554 3477 725 3535 preteream,
735 3479 780 3519 stc.
792 3466 844 3517 Sed
893 3466 924 3518 sb
932 3466 1052 3533 bomine,
1062 3469 1105 3539 qui
1116 3470 1167 3521 rim
1175 3473 1404 3541 argumentationis

332 3560 369 3599 cst
378 3566 496 3617 qnoque,
509 3544 608 3618 pergit,
621 3557 709 3597 eontra
725 3544 843 3617 dignita·
893 3542 1053 3618 disjunctiva
1064 3565 1150 3616 parurn
1160 3551 1404 3621 percepissetSelrw.

333 3639 382 3677 tem
395 3624 525 3689 hominis,
536 3644 586 3675 uua
600 3623 727 3697 voluptate
738 3637 762 3675 et
773 3622 844 3675 utili·
893 3652 926 3677 s-
937 3624 1068 3679 Credibr‘le
1081 3636 1121 3679 est
1133 3624 1174 3679 bic
1187 3626 1402 3701 interpretandam

333 3717 382 3756 tate
395 3704 453 3755 duci
466 3704 499 3757 ad
510 3704 627 3755 virtutem
640 3720 647 3753 τ
660 3716 685 3755 et
695 3702 785 3773 negari
798 3721 844 3752 ne·
893 3714 931 3757 est
944 3724 950 3755 ι
962 3704 1117 3759 eredendum
1129 3717 1173 3757 est.

333 3783 397 3855 quit,
404 3782 453 3835 boc
462 3783 643 3854 Epicureorum
655 3780 773 3853 dogmate
782 3799 844 3831 eon·
927 3782 1008 3847 4.Αυί
1017 3781 1063 3835 hoc
1070 3786 1156 3853 r'pssum
1166 3796 1349 3853 organicorum
1357 3797 1404 3837 est.

332 3880 419 3927 caso,
439 3861 525 3913 Deum
543 3873 568 3911 et
585 3859 652 3911 infer
669 3858 803 3912 bominem
820 3869 845 3907 et
893 3860 943 3911 lnt.
957 3873 1016 3923 aut,
1030 3861 1051 3911 si
1065 3860 1136 3913 nullo
1152 3862 1220 3915 bono
1232 3882 1317 3915 cerere
1334 3865 1403 3915 lleus

333 3938 399 3990 inira
410 3938 531 3991 animalia
546 3936 665 3999 detrudi,
679 3936 772 4007 quippe
788 3954 845 4006 quae
892 3949 973 4011 potest
984 3938 1044 3999 boc,
1057 3939 1111 4010 ipso
1121 3940 1242 4012 probetur
1254 3961 1298 4001 es,
1313 3940 1404 4011 quibus

332 4015 446 4068 lsliriora
458 4016 516 4069 Deo
529 4028 554 4068 et
565 4016 670 4067 bomine
680 4015 739 4066 siut.
752 4014 845 4067 Rata.
893 4014 964 4069 Deus
974 4029 1041 4069 caret
1053 4056 1060 4083 ,
1072 4016 1139 4071 bons
1151 4038 1203 4071 esse
1216 4038 1270 4071 noo
1284 4038 1360 4091 posse.

365 4093 390 4145 3.
410 4095 483 4164 Ergo
498 4104 549 4147 aut
566 4096 689 4149 credibile
705 4107 756 4157 est,
775 4096 844 4146 bono
927 4097 950 4147 5.
963 4097 1155 4149 Contineamus.
1165 4097 1208 4149 Sic
1220 4118 1280 4149 rnss.
1290 4110 1313 4150 et
1322 4097 1404 4149 editio

331 4171 490 4227 Deodeesse.
500 4173 634 4242 Perpetem
642 4172 711 4225 editt
720 4186 843 4225 vett-cum
893 4184 972 4225 retus.
982 4172 1038 4227 llos
1049 4185 1099 4239 est,
1110 4172 1244 4229 Gronovio
1257 4176 1402 4247 interprete,
