2975 4992
327 423 396 492 536
617 417 658 488 L.·
683 419 862 489 ANNAEI
885 419 1104 493 SENECAE

326 575 400 620 sum
412 547 509 618 illum
523 567 645 620 vocant
659 551 758 620 initia
776 575 849 620 sua.
867 549 941 620 Erit
953 567 1067 622 autem
1084 553 1156 622 illic
1172 555 1278 622 etiam
1293 569 1390 623 antc-

327 688 427 758 quam
448 667 513 735 hac
536 665 710 736 custodia¹
737 666 946 751 exsolvatur,
968 689 1074 760 quum
1090 671 1174 738 vitia
1190 670 1386 763 disjecerit,

325 807 500 877 purusque
515 807 555 853 ac
568 783 653 853 levis
669 786 706 852 in
722 786 944 878 cogitationes
960 786 1094 855 divinas
1109 789 1303 872 emicuerit.

374 904 449 970 Hoc
466 924 528 969 nos
546 906 685 994 agere²,
709 901 820 968 Lucili
836 901 1027 984 carissime,
1049 903 1086 970 iu
1104 903 1171 972 hoc
1186 904 1241 971 ire
1258 907 1390 997 impetn

327 1032 415 1100 toto,
437 1016 516 1085 licet
532 1016 630 1110 pauci
648 1017 778 1098 sciant,
798 1017 878 1085 licet
896 1041 1015 1099 nemo,
1032 1010 1167 1109 juvat³.
1187 1017 1309 1088 Gloria
1321 1043 1389 1087 um·

325 1134 389 1202 bra
410 1134 548 1201 virtutis
564 1147 633 1218 est;
655 1134 756 1200 etiam
775 1123 904 1201 invita⁴
926 1132 1152 1201 comitabitur.
1179 1131 1249 1202 Sed
1274 1157 1389 1226 quem·

325 1247 506 1318 admodum
525 1245 706 1340 aliquando
726 1248 846 1316 umbra
863 1246 1058 1332 antecedit,
1078 1248 1262 1341 aliquando
1279 1251 1390 1342 sequi·

326 1358 418 1450 tur⁵‚
435 1365 488 1433 vel
501 1390 522 1432 a
543 1382 638 1459 tergo
656 1379 706 1432 est
723 1392 730 1431 :
755 1367 803 1431 ita
817 1364 927 1458 gloria
948 1348 1131 1456 aliquando
1148 1381 1228 1434 ante
1243 1389 1307 1435 nos
1321 1381 1388 1447 est,

247 1559 250 1574 .
326 1477 569 1571 visendamque
598 1503 633 1547 se
655 1479 804 1572 proebet3
832 1479 1015 1572 aliquando
1037 1481 1075 1548 in
1098 1502 1218 1552 averso
1232 1496 1305 1566 est3
1324 1470 1394 1548 ma-¹

324 1597 467 1690 jorque,
492 1620 561 1688 quo
575 1596 701 1678 serior,
717 1595 777 1663 ubi
793 1595 921 1666 invidia
938 1598 1087 1665 secessit.
1105 1595 1283 1690 Quamdiu
1298 1595 1395 1664 vide-

326 1712 427 1781 batur
453 1711 568 1780 iurere
590 1703 845 1780 Democritus⁶i
868 1712 934 1780 vix
951 1713 1081 1805 recepit
1100 1713 1274 1782 Socratem
1295 1710 1391 1779 fama.

327 1825 502 1919 Quamdiu
519 1827 679 1894 Catonem
695 1825 814 1893 civitas
832 1826 1025 1920 ignoravit?
1037 1826 1186 1919 respuit3
1208 1848 1278 1894 nec
1293 1825 1393 1893 intel·

329 1943 427 2025 lenit,
448 1941 514 2009 nisi
532 1966 637 2033 quum
655 1941 817 2034 perdidit.
845 1941 988 2010 Rutitii⁷
1010 1943 1204 2010 innocentia
1224 1965 1268 2010 ac
1290 1942 1394 2010 virtus

329 2060 474 2140 lateret,
494 2057 560 2125 nisi
580 2058 765 2152 accepisset
784 2054 948 2152 injuriam
970 2085 979 2124 ι
1001 2054 1081 2125 dum
1104 2057 1273 2139 uiolauit,
1297 2057 1393 2124 efful-

329 2177 385 2243 sit.
417 2171 592 2265 Numquid
613 2196 681 2240 non
700 2174 783 2241 sorti
811 2197 878 2242 suae
901 2175 1027 2268 gratias
1050 2174 1149 2266 egit,
1175 2187 1212 2245 et
1242 2173 1396 2241 exsilium

329 2313 428 2358 suum
456 2287 646 2381 complexus
672 2289 756 2356 est?
777 2289 828 2358 De
850 2289 905 2357 luis
926 2289 1073 2380 loquor,
1101 2311 1188 2380 qttos
1215 2286 1395 2356 illustravit

328 2407 483 2488 fortuna,
501 2403 582 2472 dum
604 2418 714 2472 vexat.
735 2403 848 2496 Quam
870 2403 1053 2472 multorum
1066 2403 1236 2497 profectus
1252 2405 1292 2470 in
1310 2403 1397 2469 noti·

329 2527 408 2592 tiam
423 2545 560 2591 evasere
575 2535 651 2614 post
672 2515 782 2614 ipsos!
800 2543 901 2610 quam
920 2519 1043 2588 multos
1056 2520 1142 2588 fama
1154 2543 1224 2588 non
1243 2519 1393 2612 excepit,

327 2641 388 2711 scd
405 2637 539 2710 eruit⁸l
559 2637 682 2719 Vides,
710 2637 916 2728 Epicurum⁹
940 2651 1148 2729 quantopere
1175 2659 1247 2704 non
1268 2651 1398 2702 tantum

327 2761 549 2842 eruditiores,
573 2753 633 2824 sed
654 2753 728 2822 hsec
749 2775 885 2844 qnoque
909 2753 1144 2844 imperitorum
1163 2751 1267 2820 turba
1288 2753 1398 2820 mire-

328 2971 412 3034 riluit,
425 2971 524 3024 suiuus
537 2967 725 3030 nestorianus,
743 2983 773 3016 so
790 2982 836 3014 re-
883 2960 1092 3034 vslgosllnrcto
1101 3001 1108 3028 ‚
1118 2975 1262 3036 agnoscunt
1269 2973 1331 3013 vett.
1338 2959 1399 3012 libri

329 3043 635 3115 diturus.Le'psius.-Ci.
643 3043 703 3096 Nat
711 3041 807 3110 Quest.
815 3041 836 3092 Ι.
885 3038 1401 3110 omnes3necsuutomniuosupemcna:

329 3129 398 3202 prael'.
408 3127 429 3196 S
438 3127 454 3179 8
462 3147 516 3197 sqq.
524 3125 628 3178 Sursum
637 3119 836 3197 ingentiaspatis
885 3133 945 3167 uam
952 3127 976 3167 et
984 3118 1058 3184 sequi
1067 3114 1157 3168 dicitur
1167 3113 1244 3186 isqui
1253 3113 1398 3176 comitant,

329 3218 398 3271 sunt,
411 3216 456 3258 etc.
464 3204 554 3258 Rutu.
885 3193 931 3264 qni
941 3212 956 3245 a
965 3193 1042 3247 luere
1054 3193 1157 3246 inoedit.
1168 3192 1253 3246 Set*

364 3305 385 3338 ι.
396 3284 459 3338 Hae
469 3284 595 3337 custodia.
606 3281 732 3354 Corporis.
918 3270 943 3324 5·
952 3270 1125 3325 meilm.
1135 3270 1268 3339 Quoniam
1276 3269 1400 3342 patrimo·

362 3382 385 3412 2.
398 3361 457 3414 Hoc
467 3380 515 3412 uos
525 3379 625 3430 agere...
637 3362 702 3413 licet.
710 3357 755 3411 Sic
763 3356 837 3409 Grut.
885 3350 958 3402 nium
965 3368 1039 3400 suum
1049 3347 1200 3420 neglexerat.
1209 3347 1286 3401 Cous.
1294 3345 1329 3399 de
1337 3347 1401 3399 Pro-

329 3439 411 3492 Codd.
420 3457 508 3490 omnes
515 3450 540 3489 et
548 3435 625 3488 editio
632 3447 710 3488 vetus.
718 3433 837 3486 Erasmus
885 3427 937 3481 vid.
949 3428 1004 3492 Vl,
1020 3447 1041 3479 ι.
1053 3425 1143 3480 Rutu

328 3529 414 3572 tamen
425 3535 431 3570 :
443 3516 487 3572 ᾗσι
500 3536 547 3568 nos
557 3522 655 3582 oportet
664 3531 766 3582 qvem...
775 3520 836 3572 toto,
918 3523 941 3573 7.
955 3503 1059 3556 nstitit
1071 3503 1111 3555 Cf.
1125 3501 1258 3556 consolat.
1268 3501 1304 3554 sd
1318 3501 1400 3553 dhre·

328 3599 386 3649 licet
393 3599 474 3665 pauci
481 3597 563 3648 sciant
572 3591 617 3646 rel.
628 3590 717 3644 Rutu.
885 3581 980 3638 xxlt.
996 3599 1019 3630 s.
1032 3578 1125 3635 Rudis.

362 3673 482 3727 &Juvat
491 3671 533 3724 sic
543 3683 608 3722 recte
618 3671 677 3740 Arg.
685 3669 710 3720 b.
718 3679 742 3718 ct
751 3665 838 3718 Poll.
920 3657 945 3710 8·
962 3656 1053 3728 Quam
1061 3655 1247 3727 multossama
1259 3673 1313 3704 mn
1321 3672 1400 3705 ιτα·

330 3749 450 3802 Mendose
460 3747 503 3799 alii
517 3750 605 3812 vivon
615 3745 683 3798 undo
691 3743 837 3817 deinvulgo
883 3737 942 3802 pil,
954 3735 1003 3786 ted
1010 3733 1094 3822 emit!
1107 3730 1188 3800 Qntsi
1198 3749 1230 3782 ex
1241 3728 1359 3820 sepulcro
1372 3729 1399 3780 in

328 3833 387 3883 licet
397 3848 472 3881 uento
482 3829 579 3880 videat.
592 3825 673 3879 Sctw.
883 3812 966 3864 hm
977 3822 1104 3883 pfmssl·
1112 3809 1323 3862 fimf-lm
1333 3805 1399 3861 ¹llu⁴l

362 3909 385 3974 ζ.
396 3907 489 3960 Etiam
498 3907 587 3957 devita.
596 3903 652 3963 Sic,
664 3901 704 3954 vel
713 3912 737 3954 et
743 3903 834 3963 incida,
883 3889 963 3942 noelrl
975 3888 1130 3940 &masline
1139 3885 1172 3938 (le
1184 3897 1259 3957 poelt
1269 3885 1399 3955 qnodmss

329 3985 387 4038 libri
401 3997 458 4035 vett.
472 3981 557 4054 Vulgo
568 3983 666 4033 invitos.
680 3979 761 4031 Solito.
882 3975 1375 4028 ῑιιοιιιιιίσηιήῑῐιόιιημψῃωιὴ.

361 4065 385 4114 5.
397 4063 549 4128 Aliquando
557 4062 680 4128 sequitur,
693 4059 736 4109 vel
741 4063 835 4124 clergo
915 4074 939 4126 q.
956 4053 1051 4113 Videt,
1069 4049 1263 4118 Epiruma...
1279 4053 1402 4100 miretur.

329 4149 373 4193 est.
387 4141 502 4208 Quttuor
513 4149 635 4210 postrema
648 4133 738 4201 verba,
753 4132 835 4185 dclcts
884 4132 923 4184 Gi.
935 4131 982 4204 Ep.
999 4130 1074 4196 xx1,
1089 4147 1128 4193 to,
1144 4141 1169 4181 rt
1188 4128 1258 4180 Petri
1269 4124 1401 4179 (incendi
