2975 4992
329 469 592 544 nrrsrons
615 471 841 543 nxnxvr.
1050 471 1118 569 σο,

78 601 253 696 etpmuario
270 600 456 682 horrentes,
476 601 562 670 levis
578 625 714 694 quoqne
729 602 870 671 revellat
883 603 1036 696 agitatio.
1052 603 1118 670 Pa·

77 745 137 788 rum
153 733 258 788 autem
276 717 427 800 arboris,
453 733 634 812 antequam
653 717 794 800 obruat,
813 716 905 784 radit
916 720 941 783 ¹.
962 719 1011 784 Ex
1027 719 1120 784 omni

77 835 149 902 enim
165 833 301 900 materia
318 855 393 924 quse
409 832 536 900 nudata
550 847 620 914 est,
637 847 676 900 ut
686 833 734 900 ait
742 881 754 918 ,
770 847 896 914 exeunt
911 830 1042 900 radices
1056 853 1122 900 uo·

74 973 122 1018 re.
136 951 207 1016 Non
220 947 337 1041 plures
352 963 463 1015 autem
478 969 581 1041 super
599 961 723 1016 terram
740 948 891 1016 eminere
904 947 1006 1016 debet
1020 962 1118 1018 trun-
1148 971 1180 1026 18

73 1087 138 1145 urs,
156 1085 252 1154 quam
274 1077 343 1132 tres
365 1077 424 1130 aut
442 1077 586 1154 quatuor
603 1062 729 1155 pedss3
750 1063 862 1130 statim
880 1063 969 1130 enim
988 1061 1034 1130 ab
1050 1063 1118 1130 imo

73 1179 235 1261 vestietur,
265 1201 330 1246 nec
351 1200 473 1272 magna
496 1200 597 1272 pars,
624 1175 907 1270 quemadmodum
930 1179 968 1246 in
987 1178 1122 1246 olivetis

71 1291 243 1376 veteribus,
263 1290 360 1358 arida
378 1307 412 1360 et
430 1289 599 1360 retorrida
618 1292 696 1358 erit.
718 1290 817 1358 Alter
833 1289 982 1384 ponendi
1002 1291 1123 1359 modus

70 1406 119 1475 hio
141 1406 199 1474 fuit
224 1433 233 1474 z
258 1429 369 1474 ramos
398 1406 522 1489 fortes,
551 1430 615 1474 nec
641 1407 776 1474 corticis
795 1406 894 1491 duri,
914 1407 1030 1499 quales
1048 1431 1124 1476 esse

71 1523 260 1591 novellarum
275 1523 438 1591 'arborum
458 1521 587 1605 solent,
610 1521 729 1592 eodem
751 1547 877 1617 genere
891 1523 1058 1617 deposuit.
1075 1526 1120 1592 Hi

69 1639 154 1731 paulo
168 1637 298 1708 tardius
311 1654 472 1734 surgunt;
491 1639 572 1722 sed,
591 1663 695 1730 quum
710 1655 871 1732 tunquam
882 1665 903 1708 a
913 1640 1028 1734 planta
1040 1664 1124 1734 pro·

70 1758 239 1838 maenas,
261 1755 351 1824 nihil
368 1755 497 1824 habent
516 1757 552 1822 in
575 1779 610 1824 ae
630 1772 689 1824 aut
705 1755 884 1826 borridum
906 1774 965 1825 aut
984 1759 1117 1826 ’triste

68 1868 142 1936 Illud
151 1870 345 1936 etiamnunc
355 1868 445 1952 vidi,
460 1870 563 1937 ritem
572 1893 613 1936 ex
624 1870 761 1938 arbusto
772 1894 833 1938 suo
842 1892 1001 1940 annosam
1013 1887 1120 1939 trans-
1149 1911 1180 1964 ¹⁹

67 1984 134 2052 ferri
152 2011 159 2051 :
179 1983 283 2077 hujus
298 1981 558 2077 capillamenta⁸
580 2008 736 2076 quoque,
756 1988 784 2053 si
803 1987 880 2054 fieri
896 2000 1026 2079 potest,
1047 1987 1121 2055 ool-

66 2097 187 2191 ligenda
200 2114 304 2184 sun13
320 2098 444 2168 deinde
458 2095 638 2168 liberalius
652 2101 834 2169 sternenda
847 2103 947 2185 vitis,
965 2119 1003 2170 ut
1018 2105 1119 2171 etiam

64 2237 97 2280 ex
111 2237 251 2308 corpore
275 2214 474 2283 radicescat.
504 2219 545 2282 Et
571 2214 641 2282 vidi
667 2240 735 2284 non
757 2233 887 2286 tantum
910 2243 1026 2288 mense
1048 2222 1121 2288 Fe-

64 2325 186 2398 bruario
202 2330 350 2423 positas3
371 2327 432 2398 aed
445 2321 541 2422 jumi
560 2332 684 2398 Martio
703 2349 818 2400 exacto
839 2351 957 2403 tenent
973 2350 1008 2402 et
1028 2359 1123 2403 oom-

63 2445 153 2537 pisxae
167 2462 248 2515 sunt
264 2470 334 2514 non
347 2470 423 2515 suas
439 2440 582 2514 ulmos⁵.
601 2448 728 2516 Omnes
740 2467 853 2518 autem
868 2453 947 2520 istas
960 2452 1117 2529 arbores,

61 2586 134 2654 quae,
142 2565 235 2631 utita
245 2561 378 2646 dicam,
391 2563 635 2656 grandiscapiae
645 2557 754 2650 sunt⁶,
762 2568 810 2636 ait
818 2592 907 2660 aqua
914 2569 1124 2660 adjuvandas

61 2676 232 2745 cisternina
251 2703 259 2744 ε
277 2701 353 2769 qum
372 2680 400 2745 si
420 2677 575 2770 prodeat,
593 2678 759 2749 habemus
775 2683 925 2775 pluviam
948 2686 985 2750 in
1008 2701 1120 2752 nostru

60 2889 107 2942 edd
126 2891 156 2944 ab
170 2891 214 2944 Er.
228 2891 300 2964 quod
316 2893 337 2946 si
355 2891 384 2944 in
402 2893 488 2964 aliquo
505 2895 561 2946 cod.
610 2895 733 2960 silvestri,
753 2896 793 2948 cui
810 2899 904 2951 surculi
924 2901 1017 2952 feraces
1034 2899 1122 2954 inserti

59 2987 96 3024 ms.
115 2983 241 3045 repertum
265 2984 321 3036 eat,
340 2971 410 3024 baud
430 2971 505 3024 dubie
533 2993 562 3024 ex
610 2987 668 3026 sunt
687 2973 967 3044 :Miraturquenouus
977 2980 1087 3048 frondes
1097 2992 1123 3034 et

58 3047 141 3101 sobolis
148 3049 283 3103 invectum
290 3062 343 3102 erat
351 3069 449 3103 :cereus
456 3069 512 3103 cum
522 3050 561 3103 ed.
610 3072 661 3102 non
671 3071 722 3104 sun
733 3072 822 3121 poma.
834 3053 926 3107 aaut.

58 3125 113 3178 Van.
125 3125 200 3179 dabat
211 3145 281 3179 unus
292 3126 348 3180 cod.
360 3125 431 3179 Pius.
443 3139 466 3179 st
476 3125 562 3179 Faba.
643 3127 667 3180 6.
684 3130 813 3194 Arbores,
834 3151 906 3200 quse,
926 3146 956 3186 ut
968 3137 1005 3187 ila
1017 3139 1118 3198 diram,

58 3217 78 3256 st
89 3205 157 3271 (ἕσις
169 3206 243 3259 idem
255 3223 317 3258 vero
326 3205 414 3260 vocab.
428 3206 523 3259 latebat
534 3209 563 3259 in
608 3208 799 3275 grandiscapiae
811 3217 878 3261 sunt.
891 3211 934 3264 Sic
949 3226 1014 3266 recte
1026 3228 1075 3268 vet
1091 3215 1123 3268 ii·

56 3295 138 3350 turius,
150 3285 221 3356 quod
233 3285 336 3358 prefert
346 3282 386 3336 ed.
398 3284 433 3337 R.
448 3297 473 3336 et
487 3283 513 3334 in
523 3301 565 3336 ce·
612 3281 651 3335 bri
670 3303 771 3349 omnes,
788 3285 838 3338 nisi
854 3289 923 3358 quod
938 3304 1032 3345 temere
1044 3293 1123 3366 pieri-

56 3374 117 3418 terus
125 3366 195 3437 quod
204 3364 285 3418 babet
296 3362 336 3416 ed.
345 3363 382 3416 A.
392 3375 417 3415 et
427 3381 473 3416 rna.
482 3361 563 3418 Schoe.
612 3363 736 3433 quevelut
744 3363 887 3420 duasvoces
897 3367 1123 3440 scribuntgmndis

85 3463 105 3496 1.
115 3443 209 3496 Rudis.
220 3441 362 3496 Pintianus
373 3439 495 3508 conexit,
505 3460 563 3494 tum
610 3445 696 3510 copta.
714 3442 786 3496 Dicit
801 3455 884 3496 autem
899 3445 1001 3499 arbores
1009 3451 1123 3516 grandi-

55 3531 118 3572 antea
127 3519 563 3592 mdiaelegersturzplaoetvelia·
611 3523 732 3586 asapius,
757 3541 865 3592 quarum
891 3523 962 3576 radia
983 3525 1124 3597 grandibus

54 3597 103 3652 vitis
114 3599 194 3654 libris.
204 3600 282 3669 lips.
612 3598 692 3672 scopis
714 3598 769 3650 sive
789 3600 898 3673 seopiit,
923 3621 982 3672 qum
1005 3608 1123 3672 capillu-

82 3697 104 3729 a.
118 3679 178 3732 Aut
197 3677 338 3730 borridum
351 3683 400 3728 uu!
419 3677 500 3728 triste.
520 3675 563 3730 sic
611 3675 786 3749 mentapaulo
798 3690 857 3730 ante
870 3678 983 3747 dixerat,
995 3681 1123 3735 instructos

54 3751 163 3809 meliores
178 3753 253 3810 libri.
270 3752 356 3827 Vulgo
371 3752 505 3806 borridum
521 3772 565 3806 nec
611 3763 676 3804 sunt.
695 3752 767 3805 Istud
779 3755 866 3808 vocab.
881 3777 960 3826 quum
978 3769 1067 3829 praeter
1080 3778 1122 3810 ra-

53 3835 125 3885 triste.
136 3833 223 3888 δώῃ,
611 3829 709 3882 tionem
727 3830 756 3883 in
772 3833 969 3902 grandiscapiae
985 3848 1123 3888 mutassent

80 3908 101 3961 3.
115 3910 317 3980 capillamenta
330 3907 426 3962 radices
440 3908 564 3962 subtilia·
612 3907 660 3959 viri
675 3908 744 3961 ducti
752 3948 760 3975 ,
775 3931 804 3962 ax
820 3910 869 3963 boc
884 3911 944 3964 dein
955 3912 1059 3984 probare
1074 3933 1123 3966 eo-

51 4003 84 4037 res
92 4005 104 4036 s
113 3987 195 4060 capite
204 3986 356 4060 pendentes.
364 3985 454 4038 Rubls.
613 3987 666 4040 nati
677 3983 805 4061 suntjpro
813 3991 979 4063 mposupra§
994 3991 1032 4054 15,
1046 4012 1123 4060 scapo

79 4066 101 4130 4.
118 4063 176 4116 Sed
188 4071 261 4129 jam.
274 4063 361 4138 Vulgo
378 4067 427 4118 sed
440 4068 528 4117 etiam.
536 4063 565 4117 S.
614 4065 734 4138 scripturn
747 4066 883 4138 oportuisse
894 4085 900 4118 :
912 4067 945 4119 ita
956 4069 1036 4138 (quod
1046 4069 1125 4120 nimis

79 4143 102 4194 5.
115 4143 179 4196 Non
191 4161 263 4194 suas
275 4144 369 4196 atmos.
384 4141 426 4194 Ad
444 4141 566 4195 imitatio·
615 4143 758 4212 irequenter
771 4143 862 4195 accidit
876 4143 1032 4210 mortalibus)
1044 4166 1074 4198 es
1088 4165 1125 4198 er·

49 4239 103 4272 nem
115 4221 214 4294 virgil.
226 4222 274 4288 11,
286 4221 362 4276 Geor.
373 4223 405 4274 82
415 4240 422 4276 :
432 4223 463 4274 ds
478 4222 566 4276 arbore
616 4243 673 4276 rore
683 4223 710 4276 in
721 4243 830 4276 errorem
841 4222 992 4276 inciderunt.
1002 4223 1083 4279 Scbw.
