2975 4992
323 484 383 552 128
604 477 646 551 L.
672 477 851 550 ANNAEI
874 480 1091 552 SENECAE

318 613 425 705 fugit,
447 612 582 681 damnat
591 616 615 677 ¹.
637 610 990 705 Circumspiciendum
1004 636 1086 706 ergo
1099 612 1197 681 nobis
1210 629 1279 695 est,
1293 633 1396 707 quo«
1474 644 1476 653 <

317 727 416 794 modo
438 752 458 794 a
482 726 583 819 vulgo
612 726 675 793 tuti
704 749 777 793 esse
801 728 978 819 possimus.
1005 730 1155 797 Primum
1178 729 1267 797 nihil
1292 730 1392 798 idenr

317 844 592 936 concupiscamus
606 846 618 875 ²
638 867 646 907 :
666 842 738 908 rire
753 857 803 909 eet
815 841 905 909 inter
918 844 1166 935 competitores.
1181 842 1315 913 Deinde
1330 845 1390 910 ni-

317 958 367 1025 hil
389 959 575 1027 ¹habeamus
595 957 687 1049 quod
705 980 780 1024 eum
800 979 922 1049 magno
942 958 1168 1026 emolumento
1190 959 1388 1027 insidiantis

317 1076 404 1168 eripi
427 1074 531 1167 possit
554 1100 561 1141 ι
583 1096 683 1166 quarn
703 1073 878 1140 minimum
896 1074 940 1140 sit
962 1074 998 1140 in
1014 1096 1157 1167 oorpore
1177 1091 1235 1143 tuo
1253 1076 1386 1169 spolio-

316 1214 392 1257 rum
405 1184 440 1254 ³!
464 1190 571 1256 Nemo
594 1186 638 1256 ad
664 1187 851 1256 humanum
879 1190 1076 1280 sanguinem
1102 1207 1245 1283 propter
1271 1193 1387 1284 ipsum

316 1309 432 1389 venit,
464 1306 527 1373 aut'
546 1302 725 1372 admodum
753 1305 872 1395 pauci;
900 1305 1017 1395 plures
1037 1322 1252 1398 computant,
1280 1332 1387 1399 quam

317 1415 481 1491 oderunt⁴
498 1418 643 1487 :nudum
653 1418 739 1485 latro
756 1420 950 1486 transmittit
963 1448 972 1504 3
984 1421 1085 1488 etiam
1100 1422 1137 1488 in
1151 1414 1307 1490 obsessa⁵
1324 1423 1389 1490 via

277 1566 294 1621 9
316 1540 458 1632 pauperi
476 1561 540 1630 pax
560 1550 624 1603 est.
645 1535 726 1600 Tria
747 1530 896 1616 deinde,
918 1559 958 1602 er
978 1534 1228 1630 praeeeptione⁶
1241 1540 1381 1620 veteri,

317 1651 505 1747 praestanda
519 1665 597 1718 sunt
607 1664 646 1717 ut
654 1650 806 1716 vitentur
823 1675 831 1714 ε
844 1648 957 1717 odium
971 1701 980 1733 ,
992 1651 1140 1733 invidia,
1155 1670 1381 1746 contemptus.

317 1749 496 1859 Quomodo
515 1764 582 1833 hoe
604 1764 684 1843 fiat,
711 1763 876 1855 sapientia
900 1764 969 1831 sols
990 1767 1201 1834 monstrabit.
1231 1767 1387 1836 Difficile

317 1883 409 1949 enim
425 1882 745 1972 temperamentnm⁷
758 1891 826 1961 est3
841 1876 1112 1970 verendumque,
1129 1902 1173 1945 ne
1187 1880 1225 1947 in
1235 1896 1389 1949 oontem-

316 2012 411 2090 ptum
424 2018 487 2064 nos
504 1994 641 2062 invidiae
660 1995 763 2061 timor
776 1992 976 2083 transfernt3
994 2004 1059 2077 ne·,
1076 1994 1156 2063 dum
1171 1996 1301 2064 calcare
1314 2020 1385 2064 no-

318 2213 401 2265 nesein
417 2211 493 2266 unde.
510 2212 607 2285 Lipsius
624 2213 676 2265 sit:
699 2212 823 2265 sententia
871 2225 1014 2267 contextum
1022 2216 1127 2288 recepit:
1138 2236 1217 2287 quum
1230 2238 1269 2291 sp.
1282 2220 1386 2273 Eram.

318 2309 347 2341 er
357 2289 402 2343 illo
410 2292 497 2343 eadem
508 2289 605 2342 elicitur
614 2307 619 2339 :
628 2309 680 2341 non
690 2291 822 2363 petendam
872 2292 1068 2345 Grut.Modium
1077 2293 1225 2348 illodmnde
1232 2316 1285 2348 non
1292 2310 1384 2361 exstet,

316 2366 399 2439 palam
409 2368 579 2430 securitatem,
589 2366 648 2437 quia
660 2366 695 2418 sie
707 2366 823 2418 videmur
871 2367 940 2437 quod
952 2380 976 2420 et
988 2369 1100 2441 Lipsius,
1115 2372 1186 2442 eujus
1197 2372 1261 2425 liber
1270 2373 1389 2447 optimus

316 2446 404 2515 lugere
414 2457 528 2516 potentes
539 2442 716 2505 (subducendo
731 2462 777 2495 uos
798 2455 823 2497 et
870 2442 947 2496 hahet
956 2462 962 2497 :
970 2445 1036 2499 nteit
1042 2449 1127 2511 idem,
1140 2447 1277 2502 delendum
1288 2462 1388 2503 censet.

317 2524 483 2588 removendo)
498 2522 583 2593 :quod
598 2535 635 2575 est
645 2522 717 2575 tacite
727 2542 769 2574 eos
780 2522 821 2573 ds·
870 2522 972 2573 Fabam
1000 2524 1135 2578 lectionem
1159 2547 1213 2579 non
1237 2530 1388 2600 putaverim

316 2616 411 2650 sunere.
421 2598 546 2651 Gruterus
558 2612 641 2650 tamen
652 2597 822 2669 suspicabatur
871 2619 928 2652 eum
942 2600 1058 2654 Grutero.
1068 2603 1162 2657 Sensus
1174 2616 1210 2657 est
1221 2608 1279 2659 satis
1289 2607 1388 2659 mani-

316 2674 411 2745 sliquid
422 2675 620 2748 deesse,qnippe
628 2687 681 2747 post
688 2684 772 2743 petere
778 2674 823 2727 lte·
869 2676 1037 2730 lestustm'bil
1042 2683 1103 2733 rirde
1112 2682 1129 2733 i.
1136 2701 1160 2734 e.
1171 2683 1390 2757 evulgoeorsen·

315 2752 406 2805 bentur
418 2754 445 2804 in
459 2753 558 2822 aliquot
569 2771 627 2803 mss.
637 2770 644 2804 ι
655 2752 714 2803 Non
728 2762 823 2803 nostra
871 2754 1009 2825 pisrsrnns,
1022 2777 1099 2827 aquo
1116 2761 1170 2813 rire
1188 2763 1276 2827 oritur,
1292 2783 1313 2815 s.
1336 2764 1390 2835 qni

313 2832 495 2903 professionis,
514 2830 695 2901 vulgisovores
705 2841 824 2901 oppetere
871 2830 930 2885 rixae
941 2851 1027 2885 ansam
1039 2836 1091 2889 dat.
1101 2824 1191 2890 Ruit.

277 2932 280 2940 ·
315 2916 381 2979 quia
394 2929 467 2980 pure,
488 2922 533 2961 ete.
551 2910 603 2962 Sed
620 2908 823 2961 haeererltade-
903 2910 1387 2989 dnipolr'orumdaequaetibieripiant,

315 2987 407 3039 suntin
415 2986 572 3039 Gruterisnis
580 2985 683 3056 aliisque
691 3022 699 3051 ,
708 2998 732 3036 rt
740 2985 823 3057 inepte
871 2999 898 3037 nt
910 2988 1049 3059 spoliorum
1062 2989 1119 3043 loeo
1132 2992 1280 3046 habeantur.

316 3064 347 3116 sb
366 3065 501 3135 interprete
513 3063 553 3115 vel
565 3062 595 3113 ab
609 3074 755 3114 annotatore
772 3061 824 3113 ad·
902 3067 926 3131 4.
944 3068 1038 3122 Plures
1048 3080 1212 3139 computant,
1221 3092 1303 3142 quam
1312 3076 1390 3127 ode-

315 3143 378 3214 jects
391 3154 462 3205 sunt,
475 3142 595 3205 Erasmo,
608 3139 744 3209 Modioque
759 3140 823 3209 judi·
870 3147 937 3195 nant.
955 3144 984 3195 ld
1003 3158 1053 3211 est,
1071 3148 1170 3201 lucrum
1182 3169 1211 3201 er
1223 3170 1254 3203 eo
1266 3151 1390 3205 facinore

316 3221 387 3273 cibus
399 3232 423 3272 et
432 3238 506 3272 sensu
517 3230 680 3290 repugnante.
690 3216 780 3269 Rrett.
871 3233 1018 3274 eventurum
1026 3237 1170 3296 proponunt
1177 3245 1184 3289 3
1192 3226 1282 3297 etideo
1289 3231 1390 3302 magis,

351 3318 370 3351 r.
393 3298 461 3369 Quoe
470 3302 529 3367 quis
532 3298 623 3369 sugit,
637 3298 756 3349 domm
766 3296 822 3347 la-
870 3317 946 3368 quatu
961 3298 1014 3352 odii
1030 3321 1105 3373 ergo,
1121 3303 1269 3376 suscipiunt.
1282 3306 1389 3360 seneca

312 3394 410 3447 gronge
429 3376 525 3428 vertit:
546 3374 623 3439 Fntr,
644 3376 706 3425 εἰεί
723 3376 822 3441 de'sop·
870 3377 902 3428 de
919 3376 1008 3430 Benes.
1029 3379 1051 3430 V
1070 3419 1078 3443 ‚
1103 3400 1139 3451 ¹7·
1166 3382 1392 3455 Quomsqm'sque

313 3474 430 3522 pronoen
870 3456 964 3507 uxoris
983 3460 1089 3524 optima
1110 3469 1220 3513 morum
1237 3467 1327 3526 timet,
1354 3476 1392 3516 ut

349 3550 371 3583 ι.
398 3532 475 3583 Nihil
495 3532 562 3583 idem
588 3534 822 3597 concupiscamus:
870 3537 1075 3599 mucomputet?
1089 3537 1391 3607 Arguterutnonsimnl

315 3612 378 3661 rixo
402 3618 461 3671 est,
485 3618 531 3659 etr.
555 3607 599 3659 Sic
620 3606 709 3678 optimi
727 3606 821 3675 quique
871 3606 945 3659 etiam
958 3608 988 3660 de
1001 3611 1204 3685 lucello,sltejus
1212 3618 1387 3691 morteeogi-

256 3690 260 3699 ‘
314 3684 385 3736 mssti
397 3703 454 3737 eum
467 3683 524 3736 edd.
536 3697 594 3735 ante
606 3684 673 3735 Mur.
686 3695 710 3735 et
720 3684 756 3735 sie
766 3704 821 3736 rur-
869 3694 911 3735 tet
924 3683 1043 3753 Lipsius.

313 3781 355 3814 sus
367 3761 406 3813 ed.
418 3760 533 3813 Gronov.
545 3762 670 3813 Vitiosum
680 3782 740 3813 vero
749 3762 823 3813 etin·
903 3764 927 3813 5.
947 3761 1061 3817 Obsessa
1073 3786 1106 3819 se.
1117 3788 1131 3819 a
1141 3768 1288 3825 latronibus.
1325 3754 1334 3769 ⁸

314 3838 459 3911 terpolntam
482 3838 651 3910 scripturam.
675 3839 743 3891 nihil
763 3841 823 3891 inde
903 3840 1267 3917 deeptioneAEroecepto
1285 3870 1390 3921 repone

313 3934 378 3969 cone.
396 3917 464 3967 unde
480 3918 545 3967 rixa
563 3924 615 3978 est,
638 3915 718 3967 tenuit
739 3915 822 3968 nuth.
872 3938 899 3969 er
913 3919 994 3972 msstis
1009 3924 1105 3976 eunetis
1122 3937 1146 3977 et
1161 3923 1219 3977 edd.
1238 3941 1297 3982 ante
1312 3931 1389 4004 Lips.

313 3994 487 4047 scta-sie
501 3992 584 4047 Srhw.
596 4006 621 4046 tt
633 3993 715 4045 ttuutr.
730 3993 820 4058 lubet,
871 3995 953 4049 Scher.

314 4072 436 4124 Pn'mum
449 4072 517 4124 ntttt
526 4074 586 4123 inde
601 4074 821 4139 eorrerrpr'scamus⁸
904 4094 927 4139 7.
942 4074 1190 4144 Temperamenenm.
1203 4084 1224 4135 1.
1235 4105 1257 4137 e.
1271 4086 1365 4140 modu,
1376 4126 1389 4153 ,

315 4150 382 4199 unde
398 4151 462 4201 rixa
478 4158 518 4199 est
537 4152 604 4200 inter
628 4152 822 4216 cornpelitores,
870 4150 960 4204 esurio.
977 4151 1141 4229 Philosophia
1158 4159 1213 4214 luee
1234 4164 1340 4229 susdet,
1356 4180 1391 4218 nt

315 4224 565 4293 quamlectMuretus
572 4246 585 4277 e
593 4224 821 4279 coddPineisniin
870 4232 1042 4302 acapessende
1052 4234 1150 4305 republ.
1159 4236 1266 4293 omnino
1277 4240 1393 4294 recedes
