2975 4992
475 429 745 503 nnrsnons
770 435 813 503 v.
1136 461 1173 531 ,ι

113 560 182 642 dm
199 561 328 630 timent
345 584 390 630 ne
408 561 576 662 imitandi
592 563 661 634 sint
675 565 800 636 omnin.
820 565 894 634 Hoc
906 565 1053 660 primum
1070 564 1182 658 philo·
1204 577 1221 644 t
1292 633 1296 640 ,

108 673 221 769 soph'sa
235 677 586 769 promitteremus
598 683 848 764 oommnnem¹,
864 679 1129 762 humanitatem,
1145 697 1181 750 et

108 795 407 886 onngregationem
434 822 444 864 :
472 820 495 864 a
516 820 586 889 qna
607 795 837 889 professione¹
856 793 1094 864 dissimilitudo
1118 821 1180 866 nos

107 909 285 1003 separabit.
306 911 514 996 Videamus,
532 935 577 982 ne
590 913 654 982 ista
668 936 732 1006 per
748 935 824 1004 qum
837 909 1095 982 admirationem
1113 937 1181 1008 pa-

108 1049 178 1092 rare
190 1026 378 1110 volumus,
393 1027 541 1097 ridicula
551 1044 587 1096 et
596 1028 712 1098 odiosa
726 1029 807 1096 sint.
821 1031 952 1122 Nempe
968 1032 1180 1122 propositum

106 1157 255 1212 nostium
268 1159 346 1227 est,
360 1145 550 1216 seeundum
562 1137 739 1216 naturum³
754 1146 882 1216 vivere.
903 1149 976 1214 Hoo
989 1162 1107 1216 nonna
1119 1171 1181 1216 na·

107 1277 213 1328 turam
229 1277 303 1346 est,
322 1277 484 1354 torquere
498 1287 622 1356 eorpus
634 1287 755 1346 snum,
771 1280 806 1332 et
823 1263 938 1332 faciles
954 1251 1065 1334 odisse
1078 1289 1179 1334 mun·
1221 1251 1223 1258 ¹

105 1375 224 1462 ditias,
244 1392 285 1446 et
300 1378 496 1470 squalorem
513 1394 674 1472 nppmme
683 1428 695 1463 ,
710 1393 746 1448 et
762 1379 848 1448 cibis
865 1404 933 1448 non
954 1395 1083 1452 tantum
1102 1381 1180 1450 vili·

104 1491 245 1576 bnsnti,
258 1493 324 1562 sed
334 1495 430 1562 tetris
445 1511 482 1564 et
495 1495 658 1564 horridis.
673 1489 968 1589 Quemadmodum
982 1495 1179 1566 desiderare

102 1606 267 1678 delicatas
283 1634 369 1692 res,
392 1611 534 1680 luxurie
558 1627 610 1680 est
637 1639 645 1678 ι
674 1613 724 1680 ita
747 1613 887 1682 usitatas
909 1628 945 1682 et
967 1636 1035 1681 non
1056 1635 1179 1706 magno
1239 1591 1249 1608 ¹

101 1726 275 1819 panbiles
289 1727 433 1822 fugere,
454 1721 668 1798 dementiae⁴.
685 1728 927 1822 Fruplitatem
941 1731 1048 1824 exigit
1065 1730 1180 1823 philo-

101 1841 235 1935 soplsis,
252 1868 327 1912 non
338 1869 470 1938 poenam
490 1873 498 1912 :
514 1859 748 1939 potestantem
761 1868 833 1913 esse
843 1847 1089 1940 noninnomptu
1104 1845 1179 1914 iru-

24 1993 31 2008 ·
101 1958 236 2052 galitas.
265 1961 335 2028 Hie
359 1960 443 2029 mihi
468 1960 587 2029 modus
606 1961 729 2055 planet.
759 1963 986 2056 Temperetur
1003 1962 1073 2030 vita
1088 1962 1179 2031 inter

100 2073 207 2144 honos
216 2100 336 2144 mores
345 2091 381 2146 et
388 2075 545 2170 publicos
558 2102 566 2144 ε
579 2077 766 2170 suspiciant
776 2079 1002 2146 omnesvitnm
1013 2095 1175 2160 nostram,

100 2190 162 2258 sed
176 2208 213 2260 et
226 2185 452 2284 agnosoent⁵.
472 2231 522 2246 -·
536 2191 632 2284 Quid
648 2215 730 2286 ergo
742 2195 758 2262 i
771 2193 888 2262 endem
907 2194 1085 2278 iaciemus,
1101 2219 1177 2288 quae
1203 2211 1219 2262 s

99 2310 244 2378 oteteti?
263 2309 356 2377 nihil
373 2311 538 2381 internos
555 2327 589 2378 et
611 2311 687 2378 illos
704 2311 888 2379 intererit?
901 2349 949 2365 —
962 2307 1172 2380 Plurimum!

99 2427 295 2496 Dissimiles
319 2451 394 2496 esse
417 2451 479 2496 nos
503 2427 604 2522 vulgo
623 2429 706 2496 seint
731 2430 791 2522 qni
818 2429 1002 2522 inspexerit
1020 2431 1173 2522 propius.

99 2661 144 2693 ns.
156 2642 225 2712 Arg.
236 2640 265 2692 b.
275 2661 300 2694 e.
310 2651 337 2692 et
346 2639 412 2694 Par.
428 2661 455 2692 ss
466 2639 492 2693 b.
503 2641 529 2692 d.
539 2639 617 2693 Simi·
666 2639 876 2715 philosophorum
888 2639 1003 2695 axioma:
1014 2641 1064 2694 sid.
1078 2641 1110 2695 de
1118 2641 1177 2694 Vita

98 2719 155 2772 lites
162 2739 227 2772 sane
240 2717 355 2773 dicimus
361 2721 567 2772 alamannum.
581 2719 611 2772 S.
666 2719 738 2772 besta
749 2717 854 2792 ean-'set
863 2717 892 2786 8,
902 2719 948 2791 Ep.
957 2735 1002 2771 xtt
1009 2715 1053 2770 fin.
1062 2715 1177 2788 lipsius.

131 2818 151 2852 a
169 2797 292 2851 smum
304 2817 477 2850 mmmm.
488 2795 618 2866 Qnotetn·
697 2797 723 2864 4,
738 2793 1112 2864 Desssents'oeAEstsdiieiebaut
1119 2796 1177 2850 edd.

97 2898 155 2946 pas,
167 2877 279 2939 bum,
299 2895 421 2950 personas
439 2874 574 2927 observare
593 2887 618 2928 et
665 2895 722 2930 enm
736 2896 816 2930 rone.
828 2879 867 2928 Ae
880 2893 944 2946 sepe
956 2874 1059 2947 quidem
1072 2873 1178 2927 aliasits

97 2949 614 3030 &Quaepunmnsmeqnidinspte
665 2954 797 3026 repetitum
805 2953 969 3007 hocaerbnrn
977 2953 1044 3028 apud
1054 2953 1177 3007 Senecam

96 3037 226 3090 iaciamus.
239 3035 291 3088 sie
303 3033 410 3106 explicat
421 3026 515 3084 Noster
527 3031 557 3083 de
571 3031 617 3083 ne
665 3029 787 3101 reperitur
800 3047 807 3084 t
827 3033 868 3085 sed
886 3031 912 3086 h.
929 3032 947 3084 l.
965 3033 1099 3086 commode
1112 3031 1177 3086 illud

98 3115 166 3170 uit.
175 3118 204 3180 l,
214 3135 246 3167 sa
257 3113 346 3180 ‚hane
353 3109 456 3186 phrasin
465 3147 474 3174 ,
485 3127 542 3181 que
549 3108 617 3162 sarie
665 3107 766 3180 ignom
776 3125 822 3158 ms.
831 3109 896 3178 Arff.
904 3111 928 3162 b.
939 3129 996 3164 tuus
1006 3111 1072 3164 Por.
1082 3133 1109 3166 a.
1117 3114 1142 3165 b.
1149 3113 1176 3165 d.

96 3197 158 3269 apd
172 3193 265 3248 varios
286 3190 422 3263 accipitur,
435 3206 501 3258 qnos
519 3185 615 3240 erudite
664 3183 746 3238 Seleu·

96 3272 374 3348 significavitmagnns
384 3264 617 3320 Bentleinssdllo·
697 3267 722 3318 5,
737 3263 893 3334 Suspicione
910 3285 997 3320 omnes
1019 3270 1104 3320 vitam
1122 3290 1175 3322 no*

96 3366 136 3404 rat.
152 3348 326 3414 Sermoni,
347 3345 379 3411 3,
397 3346 446 3412 65,
464 3345 544 3398 nostri
564 3343 615 3398 loti
664 3353 758 3405 stram,
765 3344 844 3396 sedet
852 3355 1001 3414 agnoscant.
1010 3345 1176 3404 Praestathaec

96 3424 411 3484 minmoedtuht.
664 3420 740 3474 lectio
759 3421 863 3492 antiqua
883 3419 1032 3490 conjectura
1053 3423 1175 3477 Gruteri:

126 3529 152 3561 ι.
167 3507 199 3559 A
219 3525 280 3574 qaus
296 3503 459 3576 professione
475 3502 616 3554 dtsstmttt-
663 3497 726 3551 Non
737 3497 874 3570 suspiciant
890 3495 1007 3552 homines
1025 3499 1102 3552 vitam
1122 3521 1176 3556 oo-

95 3590 212 3640 Moms
221 3581 374 3652 separabit.
384 3578 521 3651 Antiquior
529 3577 613 3646 lectio,
663 3589 757 3645 stram,
770 3577 813 3630 sed
826 3589 972 3650 agnoscant.
983 3575 1076 3630 Sensus
1088 3594 1174 3652 postu*

95 3670 126 3720 et.
138 3666 244 3718 Gruter.
256 3661 285 3714 ls.
299 3681 335 3713 ne
345 3659 503 3734 professione
514 3658 545 3710 ab
558 3657 616 3711 aliis
665 3653 698 3706 lat
709 3673 717 3708 t
728 3655 779 3707 vita
791 3669 874 3708 nostra
885 3655 919 3709 ita
931 3656 964 3708 sit
980 3671 1135 3728 comparata,
1148 3671 1175 3712 ut

97 3741 276 3797 disusisimus
286 3737 348 3806 ,sed
361 3736 490 3800 vitnvid.
499 3735 546 3810 Ep
557 3752 614 3789 xlv.
664 3753 718 3784 non
726 3731 808 3786 solum
823 3731 956 3786 admiratio
968 3733 1084 3786 homines
1096 3735 1123 3788 in
1134 3737 1175 3789 vi-

96 3821 212 3874 Erasmns
225 3818 380 3890 eonjeetnsa
391 3817 419 3867 sl
428 3834 476 3868 nos
492 3812 610 3884 ejecerat:
663 3813 1025 3878 tamnostramconvertat‚sed
1034 3814 1175 3888 etiamprae·

97 3900 144 3954 'ae
153 3899 231 3952 sitta
244 3916 298 3970 qua
316 3893 516 3970 oongregatione
533 3892 613 3946 dissi·
662 3892 780 3946 stantiam
794 3893 846 3963 ejus
862 3892 1012 3946 imitandam
1026 3893 1127 3948 durant.
1139 3897 1174 3950 lt.

99 3977 212 4029 militndo
224 3972 394 4049 professionis
411 3970 548 4046 separabitt
559 3971 613 4024 vult
662 3970 795 4026 -Sedet
810 3981 960 4042 agnosconl.
975 3973 1012 4046 ξι
1023 3974 1121 4027 scholio
1134 3975 1174 4028 ir·

99 4057 217 4108 uimnos
228 4055 299 4107 intus
307 4051 407 4106 habere
414 4049 610 4124 philosophiam,
661 4051 766 4120 repsisse
788 4051 887 4105 videtur
904 4060 930 4104 rt
948 4051 1084 4125 particola;
1099 4071 1172 4122 otte,

101 4130 276 4206 wapaofiteri.
290 4131 384 4184 Ruth.
661 4150 706 4202 pro
718 4131 823 4185 Seneca
836 4150 906 4182 more
920 4131 1057 4202 loquendi,
1070 4151 1122 4184 nnn
1132 4132 1174 4183 ad·

130 4212 309 4268 &Suadam
316 4219 452 4264 »tamtam
460 4247 467 4274 ‚
474 4227 609 4265 commuue
660 4209 767 4262 moslnsn
777 4209 978 4274 desiderabatur,
988 4221 1011 4262 et
1018 4209 1106 4262 abesta
1116 4227 1172 4260 mss.
1262 4215 1267 4226 ’
