2975 4992
351 436 393 503 80
641 427 682 500 L.
708 430 888 501 ANNAEI
911 426 1129 503 SENECAE

311 619 325 652 2
350 577 409 630 aut
424 558 609 654 imprimit,
625 577 684 630 aut
695 562 926 632 nescientibus
938 564 1050 633 allinit
1061 569 1085 632 ¹.
1105 565 1251 657 Utique,
1268 580 1337 657 quo
1351 585 1424 637 ma-

239 742 242 747 .
344 684 402 776 jor
416 698 468 750 eat
485 684 664 777 populue²,
693 685 749 752 oui
777 677 991 768 miscemur³,
1010 686 1077 755 hoc
1097 687 1241 779 periculi
1257 688 1335 780 plue
1353 703 1418 755 est.

349 796 445 870 Nihil
461 820 543 865 vero
562 813 628 865 tam
648 791 868 867 damnosum⁴
886 799 986 867 bonis
994 800 1170 885 moribus,
1188 823 1289 893 quum
1304 801 1342 867 in
1356 801 1424 868 ali-

350 936 418 1006 quo
435 914 626 1007 spectaculo
643 914 800 984 desidere
817 938 825 982 ε
844 932 926 984 tunc
946 918 1037 984 euim
1054 940 1115 1010 per
1138 916 1346 1011 voluptatem
1365 918 1423 985 la-

351 1031 450 1099 cilius
461 1032 543 1099 vitia
558 1031 759 1126 subrepunt.
775 1028 872 1124 Quid
882 1058 936 1101 me
948 1033 1117 1103 exiatimna
1128 1033 1266 1103 dicere?
1275 1034 1424 1103 Avarior

338 1148 478 1232 'redeo,
501 1148 725 1234 ambitiosior,
755 1142 991 1230 luxuriosior⁵‚
1020 1149 1123 1216 immo
1148 1172 1231 1217 vero
1247 1148 1424 1217 crudelior

351 1283 386 1336 et
401 1266 631 1349 inhumanior,
659 1267 739 1357 quia
767 1267 859 1333 inter
873 1264 1029 1333 bominea
1046 1256 1130 1333 tui⁶.
1151 1264 1240 1333 Casu
1258 1266 1294 1332 in
1314 1264 1423 1332 meri-

352 1380 512 1449 dianum⁷
532 1378 761 1473 spectaculum
779 1380 909 1461 incidi,
929 1373 1044 1449 lueue⁸
1065 1382 1296 1473 exspectanel,
1312 1394 1350 1447 et
1368 1402 1424 1445 aa·

351 1495 421 1578 les,
438 1512 472 1565 et
484 1496 615 1589 aliquid
629 1495 827 1577 laxamenti,
843 1518 911 1588 quo
924 1494 1098 1562 bominum
1110 1495 1197 1563 oculi
1215 1494 1258 1562 ab
1272 1496 1426 1561 humano

353 1636 474 1683 cruore
487 1615 715 1705 acquiescant.
733 1614 859 1680 Contra
871 1627 922 1679 est
937 1638 945 1678 z
961 1611 1129 1704 quidquid
1142 1628 1221 1679 aute
1235 1629 1426 1706 pugnatum

352 1744 422 1813 eat,
437 1728 673 1796 misericordia
690 1724 756 1795 fuit
768 1733 811 1795 ¹⁰.
824 1731 942 1811 Nune,
962 1729 1092 1796 omissis
1105 1729 1227 1822 nugie,
1247 1752 1339 1797 mera
1360 1728 1429 1795 ho-

353 1840 490 1912 micidia
507 1858 605 1926 aunt3
626 1842 712 1910 nihii
731 1832 861 1911 babent
879 1867 948 1935 quo
967 1859 1144 1937 tegantur,
1164 1844 1209 1911 ad
1225 1846 1326 1913 ictum
1345 1845 1429 1913 totio

353 1957 717 2053 corporibuaexpoaiti‚
731 1982 905 2052 nunquam
914 1960 1038 2026 buatra
1045 1983 1181 2027 manum
1190 1961 1339 2027 mittunt.
1353 1963 1429 2027 Hoc

352 2074 510 2167 plerique
533 2071 715 2141 ordinariis
735 2073 877 2166 paribua
900 2090 934 2142 et
952 2072 1204 2167 postulatitiie¹¹
1223 2076 1425 2169 praeierunt.

390 2332 412 2365 r.
420 2312 535 2378 Aliinit,
546 2311 587 2365 vel
595 2312 756 2365 odiinr'tcum
763 2312 865 2385 impres·
913 2310 1005 2385 reliqui
1016 2314 1082 2368 inter
1092 2336 1118 2368 se
1129 2315 1316 2391 depugnabant.
1325 2315 1373 2369 Me
1380 2310 1428 2370 Vi·

261 2429 262 2437 .
353 2391 388 2444 sis
402 2402 489 2443 tenent
504 2388 651 2443 vetustiores
663 2389 748 2451 mesti;
768 2388 863 2453 illinit,
913 2388 944 2442 de
955 2390 1000 2443 lib·
1010 2391 1037 2443 ll
1054 2392 1236 2447 Saturnalium.
1246 2392 1365 2460 Lipsius.

352 2468 396 2524 vel
406 2471 496 2523 inlinit
509 2468 628 2540 juniores.
639 2466 721 2521 Schts.
946 2468 969 2519 8.
987 2469 1427 2541 Lususmmcquiescuntmirnos,

385 2540 864 2616 a-Populus.Turba,mniti,stoicosen·
912 2546 1149 2619 pantomimosquc,
1163 2562 1209 2601 etc.
1228 2541 1230 2544 ’

352 2625 419 2691 su,i.
431 2646 452 2678 e.
463 2625 532 2678 stulti
543 2624 676 2697 pravique,
689 2623 865 2690 padlazideo·
946 2643 969 2694 q
985 2624 1074 2677 Lusus
1085 2638 1247 2693 exspectans.
1257 2626 1362 2679 Nudum
1370 2647 1429 2696 spe·

352 2722 402 2775 que
411 2714 572 2776 opponuntur
579 2698 733 2771 sapientibus
739 2718 758 2752 s.
767 2700 863 2773 sapien·
911 2711 987 2753 ctuns
998 2719 1057 2753 curn
1068 2701 1108 2756 cd.
1124 2703 1222 2755 Erasm
1238 2716 1306 2757 tenet
1316 2706 1427 2773 quidem

352 2781 394 2836 tin
411 2781 544 2842 studiosis,
558 2781 706 2841 σπουδαίοις.
721 2777 811 2832 Ituhk.
911 2790 996 2831 noster
1004 2798 1051 2831 ms.
1060 2779 1085 2831 b.
1096 2792 1120 2831 et
1131 2781 1197 2834 Par.
1210 2801 1236 2832 a.
1245 2781 1304 2835 ud.
1314 2782 1424 2854 eliique.

385 2859 409 2913 3.
427 2861 622 2913 Miscemurms.
630 2858 653 2911 ὁ.
665 2869 689 2910 et
698 2856 763 2909 Por.
773 2854 863 2908 a.Vul-
910 2858 960 2909 scd
966 2867 1136 2925 exspectans,
1152 2860 1268 2911 aModio
1280 2860 1353 2913 esuis
1367 2880 1429 2916 mss.

352 2957 386 3009 go
395 2941 598 3002 commiscemur,
615 2933 683 3006 quod
704 2954 756 2987 non
779 2928 863 2984 minus
912 2933 1057 3002 laudatum,
1082 2938 1215 2990 commode
1234 2940 1343 3009 seposuit
1363 2940 1430 2993 Mu-

352 3036 382 3071 cx
404 3013 551 3089 glossemate
571 3026 658 3066 natum
683 3012 758 3065 nobis
779 3012 860 3063 visum
910 3025 994 3075 retus,
1014 3014 1227 3067 consentientibus
1249 3015 1324 3069 etism
1348 3017 1430 3072 editt.

353 3107 420 3161 erat,
440 3113 514 3165 quam
530 3112 719 3159 conversamur,
737 3092 808 3161 quod
828 3103 865 3143 est
910 3103 970 3145 vett.
984 3090 1045 3143 inde
1060 3110 1075 3143 a
1091 3091 1166 3145 Rom.
1185 3091 1213 3143 in
1230 3092 1321 3163 quibus
1335 3113 1431 3163 expe--

352 3172 381 3225 in
391 3190 438 3225 ms.
450 3192 469 3225 c.
478 3183 503 3223 et
512 3170 552 3224 ed.
562 3173 596 3222 A.
609 3169 690 3225 Scbso.
910 3177 984 3222 etone
1001 3166 1128 3221 scribitur.
1148 3168 1235 3221 Editio
1259 3171 1295 3221 A.
1317 3170 1430 3241 quidem

385 3253 408 3317 4.
431 3250 498 3303 Tam
516 3250 683 3303 damnosum.
701 3248 802 3319 Vulgo,
825 3259 864 3302 est
911 3268 967 3302 cum
982 3267 1059 3302 mec.
1070 3258 1206 3317 aspectam
1220 3250 1325 3321 prefert.
1340 3250 1429 3304 Scisoe.

352 3338 410 3381 tarn
421 3330 509 3381 domn.
518 3327 610 3380 Deleri
620 3326 725 3379 verbum
735 3346 793 3379 cum
804 3346 862 3379 mss.
947 3346 984 3379 ro.
1007 3328 1190 3379 Misen'cordio
1201 3328 1266 3397 suit.
1288 3328 1430 3397 Quidquid

352 3408 377 3461 b.
387 3428 409 3461 c.
421 3408 486 3461 Pur.
496 3406 520 3459 b·
532 3408 557 3459 d.
571 3418 594 3457 et
606 3404 670 3457 aliis.
681 3404 763 3457 Scine.
911 3415 969 3455 ante
980 3417 1118 3475 pugnatum
1130 3418 1166 3458 cst
1176 3406 1346 3461 misericordis
1355 3408 1427 3462 init:

386 3488 409 3538 5.
427 3484 609 3535 Luxurioseisr.
625 3482 685 3533 Post
699 3484 864 3535 luxuriosior
911 3480 1016 3533 verbnm
1025 3495 1088 3533 onte
1094 3495 1187 3554 spectat
1194 3482 1227 3536 ad
1238 3485 1360 3537 matutina
1369 3503 1430 3557 spe·

352 3574 449 3633 poterat
461 3559 667 3632 interrogationis
677 3558 779 3633 signum
791 3560 862 3633 poni,
911 3557 1009 3611 cucula
1019 3558 1047 3610 in
1057 3558 1148 3628 quibus
1156 3558 1273 3613 bomines
1286 3561 1345 3615 ieris
1359 3562 1430 3635 obji-

353 3661 403 3712 quo
412 3639 604 3711 intelligeretur,
616 3660 628 3683 a
639 3638 678 3689 An
686 3650 712 3688 tu
724 3636 772 3689 boc
781 3638 864 3691 solum
913 3636 1051 3689 ciebantur.
1062 3636 1167 3689 Talibus
1176 3638 1281 3710 peractis
1292 3653 1431 3711 spectacu-

352 3710 864 3781 medicercexistimas?lmmovero‚ete.»
913 3716 1430 3789 linquamlaxamentaquedsmquoeani·

386 3794 410 3847 b.
424 3792 496 3863 Quia
507 3796 572 3845 inter
582 3790 697 3844 domines
703 3791 752 3864 sui
758 3830 766 3852 ,
777 3793 866 3845 stultos
913 3815 983 3848 mum
997 3794 1099 3848 horrore
1110 3792 1215 3867 plenum
1232 3812 1370 3850 recrearent
1384 3820 1431 3851 ex·

353 3883 378 3925 et
389 3869 461 3923 nulla
480 3868 640 3944 pbilosophis
656 3870 783 3936 excultos,
799 3870 866 3938 φαύ-
914 3874 1083 3947 spectavisset,
1089 3872 1277 3947 loupeioediora
1284 3876 1432 3947 spectacula

354 3947 516 4010 tuemini.
916 3950 1430 4025 offerebantns,etqnidquidantepugna·

386 4034 409 4088 7.
427 4024 616 4078 Meridionum.
634 4026 666 4077 ln
682 4044 759 4077 arena
773 4024 866 4099 duplex
914 4040 968 4080 tum
980 4030 1061 4081 iuerat
1078 4028 1253 4081 misericordia
1268 4028 1410 4083 videbatur.

353 4101 540 4171 spectaculum,
561 4106 727 4158 Matutinum
742 4116 766 4157 et
778 4102 866 4158 Meri-
951 4124 988 4157 tr.
1008 4107 1226 4166 Ordinan'is....···.
1240 4109 1428 4177 postulativis.

239 4184 243 4189 '
354 4176 462 4233 dianam
472 4198 483 4247 ,·
493 4181 528 4235 ibi
539 4202 597 4237 cnm
609 4181 694 4237 bestiis
705 4200 712 4237 t
722 4202 805 4250 nnnc,
820 4182 865 4254 qui
917 4183 1082 4247 ordinariis,
1100 4184 1143 4255 qui
1162 4183 1284 4256 legitimo
1295 4196 1424 4259 ternpore,
