2975 4992
339 462 385 532 68
589 405 592 412 Ι
632 463 674 530 L.
700 463 875 532 ANNAEI
898 463 1113 534 SENECAE

335 611 397 672 quo
410 591 527 668 studio,
543 612 604 673 qno
617 591 725 654 labore
739 611 848 654 eurum
863 591 916 673 qni
928 590 1034 654 imbue
1048 612 1160 676 genere
1175 613 1301 676 operam
1320 615 1403 658 snsrn

334 712 517 780 posuerunt,
535 698 666 780 denique
677 719 739 781 quo
755 719 828 764 casu
840 699 1095 763 subindelactnm
1111 699 1170 776 sit,
1188 711 1221 762 ut
1242 701 1273 762 in
1294 703 1402 764 editiu-

332 803 442 881 nibus,
469 804 578 886 quibus
606 805 697 890 ungo
723 805 814 868 bodie
837 805 973 878 utimur,
997 825 1040 868 em
1062 805 1231 883 lectiones,
1255 828 1331 888 quas
1347 808 1402 870 ille

332 908 491 986 exhibent,
501 930 559 992 pro
573 911 702 994 genuina
713 911 824 973 veteris
834 910 990 994 scripturis
999 931 1092 974 manu
1103 956 1113 989 ,
1125 911 1188 974 sive
1198 933 1271 976 vere
1281 925 1333 975 aut
1342 913 1402 975 sal-

331 1026 394 1076 tem
408 1014 626 1098 probabiliter,
644 1015 707 1078 sive
728 1015 806 1078 lalso
828 1029 916 1097 atque
938 1029 1076 1088 temere,
1102 1016 1190 1079 nubis
1208 1019 1401 1080 venditentur.

214 1168 217 1174 .
330 1116 393 1181 Sed
413 1122 550 1202 quarum
563 1123 605 1182 'ad
627 1121 676 1198 id,
696 1123 778 1204 quod
791 1121 928 1206 agimus,
946 1121 1072 1184 minime
1090 1122 1310 1186 insmctuosum
1328 1139 1402 1188 esset

330 1225 481 1297 fumeum,
498 1227 524 1289 si
538 1218 646 1288 eudem
662 1240 768 1289 tenore
790 1225 888 1289 Notas
906 1226 1017 1303 hasce,
1035 1249 1109 1310 quas
1125 1229 1243 1310 quidem
1266 1231 1298 1291 in
1314 1251 1400 1293 com-

247 1413 250 1416 *
331 1333 640 1395 m'entariolisnustris
654 1346 777 1416 paratas
788 1332 957 1407 babemus,
973 1355 1029 1417 per
1043 1353 1148 1398 omnes
1163 1333 1318 1419 Epistulas
1330 1359 1402 1420 per-

331 1437 416 1520 sequi
431 1439 578 1501 vellemus
593 1453 735 1510 namen,
753 1453 785 1502 ut
798 1462 855 1523 per
870 1462 902 1502 se
912 1435 1065 1524 prolixum
1077 1463 1173 1526 opus,
1191 1443 1234 1505 sic
1249 1464 1304 1506 nec
1315 1443 1402 1526 hujus

330 1545 391 1608 luci
405 1537 506 1621 leret,
524 1545 578 1606 ubi
591 1545 669 1607 intra
683 1567 849 1629 paucarum
863 1547 1053 1630 plagulamm
1068 1548 1198 1630 spatium
1213 1569 1315 1612 sumus
1334 1571 1404 1612 eun·

330 1649 406 1713 clusi
420 1675 428 1722 3
446 1671 503 1714 nec
515 1651 604 1734 bujus
617 1653 764 1734 temporis
778 1698 786 1726 ,
803 1674 863 1734 qun
877 1653 1064 1716 uberrimum
1084 1655 1176 1715 etiam
1190 1673 1268 1718 nunc
1280 1656 1401 1740 copiam

329 1757 494 1820 lectionum
511 1779 547 1820 ex
564 1774 676 1842 magno
689 1752 828 1821 codicum
842 1773 986 1834 numero,
1004 1759 1116 1842 partim
1132 1761 1221 1824 nubis
1235 1762 1334 1826 adbuc
1354 1765 1402 1826 in

329 1866 539 1950 cognitorum,
555 1866 667 1948 partim
687 1887 722 1928 ex
733 1866 807 1950 ipsis
821 1867 932 1928 nostris
944 1865 1271 1950 Argentoratensibus,
1288 1869 1402 1932 aliub-

327 1973 428 2056 koplio
448 1974 707 2055 neomeniarum,
733 1985 950 2056 exspectamus.
969 1971 1047 2054 Qnee
1067 1987 1228 2056 postquam
1253 1977 1349 2061 copim
1372 1979 1402 2039 in

328 2080 485 2165 publicum
501 2080 612 2142 suerint
625 2079 732 2143 aViru
751 2082 840 2142 docto
857 2083 1028 2162 productae,
1045 2081 1156 2164 siquid
1171 2084 1279 2146 deinde
1296 2098 1401 2146 nostre

329 2188 362 2248 in
379 2209 459 2271 penu
482 2187 651 2270 supererit,
676 2189 756 2268 quod
774 2187 821 2248 vel
841 2189 878 2248 ad
902 2187 1095 2270 judicandam
1112 2190 1401 2273 vindicandumque,

329 2295 380 2357 vel
399 2297 438 2356 ad
455 2295 663 2359 illustrandam
685 2295 824 2358 locorum
842 2295 1058 2358 nonnullorum
1085 2298 1248 2380 genuinam
1269 2300 1403 2385 scriptu-

329 2424 397 2465 ram
415 2401 565 2464 videbitur
581 2403 732 2485 pertinere
746 2447 755 2472 ,
772 2423 833 2463 non
852 2401 1058 2465 recusabimus
1075 2404 1245 2489 symbolam
1265 2420 1402 2469 nostram

328 2510 532 2573 incommune
547 2509 708 2585 conferre,
725 2509 750 2569 si
767 2512 857 2570 modo
874 2509 965 2570 vitam
980 2507 1068 2572 nubis
1083 2493 1219 2593 viresque
1232 2525 1262 2574 et
1272 2512 1402 2578 liberale

329 2618 425 2680 otium
438 2616 532 2679 divini
551 2613 694 2678 Numinis
707 2615 892 2699 indulgentie
906 2617 1097 2679 concesserit.
1112 2615 1239 2680 Interim
1252 2619 1315 2682 istis
1324 2609 1404 2705 'spe-

329 2721 637 2788 ciminibuscontenti
648 2767 657 2800 ,
668 2723 788 2784 omissis
797 2722 966 2806 plerisque,
982 2745 1047 2804 quae
1059 2723 1181 2788 levioris
1191 2728 1340 2788 momenti
1354 2728 1404 2788 vi-

329 2831 396 2893 deri
415 2830 532 2914 possint
548 2828 697 2891 librorum
712 2829 940 2912 discrepantis,
953 2828 1062 2892 debinc
1073 2831 1193 2892 nonnisi
1207 2851 1243 2894 ea
1254 2831 1317 2896 lere
1333 2833 1403 2896 loca

330 2937 532 3020 attingemus,
548 2957 613 3017 qnae
629 2947 680 2996 aut
697 2935 891 2997 dubitationis
907 2948 936 2995 et
952 2934 1133 2998 difficultatis
1145 2936 1273 3018 aliquid,
1290 2940 1330 3000 ed
1343 2961 1404 3001 na-

330 3042 425 3105 tivum
436 3042 567 3104 auctoris
578 3041 758 3124 scripturam
773 3042 853 3121 quod
867 3054 1000 3124 spectat,
1011 3039 1125 3103 babere
1136 3042 1334 3118 videbuntur,
1351 3059 1405 3107 ant

330 3149 362 3210 in
379 3147 488 3230 quibus
501 3147 542 3210 ab
559 3147 603 3210 eis
619 3147 799 3210 lectionibus
813 3147 1023 3223 discessimus,
1042 3169 1108 3228 quae
1123 3149 1191 3211 inde
1205 3171 1223 3210 a
1237 3147 1342 3234 Lipsio
1352 3167 1406 3214 aut

330 3253 544 3330 aGronoviu,
567 3250 619 3336 qui
638 3253 815 3338 Lipsianum
828 3253 892 3316 lere
910 3253 1083 3338 exemplum
1099 3269 1217 3318 secutus
1230 3269 1294 3335 est,
1316 3274 1405 3322 erant

330 3364 465 3447 vulgatas
478 3357 863 3449 {lludquidemconc'eptis
878 3361 978 3424 verbis
993 3361 1140 3445 profiteor
1154 3376 1242 3445 atque
1254 3367 1403 3448 spondeo,

330 3468 448 3530 nullum
462 3489 512 3531 rne
528 3489 564 3530 er
583 3469 627 3529 eis
639 3467 716 3529 loeis
728 3472 883 3548 (quorum
897 3467 1000 3550 utique
1018 3488 1079 3529 nnn
1093 3491 1220 3554 magnus
1235 3486 1279 3534 est
1291 3493 1406 3536 nume-

331 3576 401 3650 rnsl
423 3574 543 3637 silentio
567 3571 810 3657 praeteriturum,
830 3573 863 3633 in
879 3561 988 3653 quibus
1012 3587 1114 3634 nostra
1140 3577 1176 3639 de
1205 3579 1403 3660 conjectura,

331 3684 480 3746 damnatis
490 3681 640 3743 librorum
650 3679 789 3742 omnium
802 3678 891 3742 nobis
905 3679 1096 3763 cognitorum
1109 3681 1286 3746 lectionibus
1296 3729 1305 3756 ,
1317 3687 1407 3747 resti-

329 3785 473 3852 tuendam
487 3800 622 3850 veterem
638 3787 818 3870 scripturam
833 3786 946 3868 putavi.
965 3783 1060 3869 igitur
1073 3785 1253 3869 ubicumque
1266 3833 1275 3866 ,
1296 3789 1405 3852 sivein

330 3894 498 3958 ordinanda
514 3892 677 3954 verborum
692 3904 841 3954 structura
852 3933 862 3968 ,
874 3891 1073 3954 discedentem
1092 3893 1256 3956 editionem
1267 3908 1406 3959 nostram

329 4001 372 4086 ab
387 4002 455 4064 aliis
471 3999 703 4085 deprehenderit
721 3999 851 4084 diligens
871 3999 1070 4076 observatur,
1087 4000 1131 4061 ibi
1148 3999 1229 4086 (nisi
1241 4004 1351 4067 diserte
1365 4007 1406 4067 de

329 4109 493 4171 novatione
508 4106 584 4170 lucis
597 4106 662 4170 istis
671 4105 764 4169 allata
778 4106 927 4168 monitum
940 4105 1032 4167 fuerit
1048 4107 1079 4168 in
1090 4105 1179 4170 Notis
1190 4111 1408 4195 nostris)per-

329 4235 451 4282 sussum
466 4214 578 4278 babeat
588 4260 597 4292 ,
609 4234 671 4277 non
690 4225 795 4275 nostru
814 4213 937 4296 ingenio
951 4233 1007 4276 uus
1021 4214 1200 4294 indulsisse,
1213 4237 1269 4280 nec
1283 4216 1331 4279 vel
1347 4237 1406 4277 no·
