2975 4992
328 503 590 574 EPISTULA
613 505 839 576 Lxxxvt.
1054 503 1122 572 603

86 662 195 708 terrum
214 637 347 704 vivum¹
372 634 477 702 lavari
498 647 662 727 oporteat.
684 635 782 703 Nihii
801 633 1040 704 mihi.videtnr
1051 632 1123 725 jem

85 759 239 837 iutereeoe,
253 750 371 819 ardeat
386 749 566 831 balneum,
591 773 635 817 an
655 751 776 820 caleat.
794 752 942 845 Quantae
955 774 1049 820 nanc
1059 749 1124 818 uli·

84 872 131 964 qui
144 868 330 937 rusticitatis
346 863 506 934 damnent
521 865 737 959 Scipionem,
755 867 847 962 quod
865 893 934 937 non
953 870 990 935 in
1008 864 1125 936 calda·

83 990 153 1054 rium
164 1009 255 1054 tuum
269 984 346 1052 latit
357 981 608 1077 specularibus*
623 982 714 1051 diem
727 982 932 1056 admitteret!
949 983 1042 1078 quod
1053 1005 1123 1052 non

83 1105 110 1170 in
121 1101 213 1170 mtdta
226 1102 302 1170 luce
317 1098 583 1192 decoquebatur,
600 1115 635 1166 et
648 1095 885 1192 exspectabat'
899 1100 987 1169 utin
1000 1099 1123 1168 balneo

80 1211 305 1310 coqueretur‘!
324 1219 356 1287 Ο
376 1216 546 1285 hominem
567 1213 815 1285 calamitosum!
834 1217 955 1285 nesciit
974 1209 1118 1283 viver-ei
1152 1247 1182 1282 to

80 1337 140 1403 Nou
151 1326 297 1403 eaccuta⁵
311 1356 398 1426 aqua
411 1333 599 1417 lavabatur,
615 1331 676 1400 uod
688 1355 779 1428 cepe
793 1333 940 1414 turbida,
955 1349 1004 1411 et,
1017 1353 1124 1424 quum

79 1451 192 1544 plueret
213 1449 463 1531 vehementiae,
489 1470 587 1540 paene
610 1447 794 1519 lutulenta!
809 1453 880 1518 Nec
892 1450 1035 1518 muitum
1048 1446 1122 1540 ejuo

79 1567 240 1648 intererat,
262 1589 307 1633 an
330 1566 379 1633 cic
399 1563 592 1649 lavaretur,
613 1562 773 1632 veniebat
784 1565 876 1631 enim
889 1613 899 1644 ,
913 1579 953 1630 ut
965 1561 1123 1631 sudorem

78 1681 135 1748 iilic
150 1682 317 1763 ablueret,
338 1705 406 1748 non
428 1695 466 1748 ut
483 1693 709 1772 unguentum.
732 1681 828 1773 Quae
847 1704 940 1748 nunc
959 1703 1122 1771 quorum-

78 1793 138 1864 dum
158 1796 286 1864 iuturus
302 1818 402 1865 roceo
419 1790 559 1863 credie?
578 1819 593 1854 u
606 1795 683 1860 Non
699 1796 836 1864 invideo
850 1795 1001 1888 Scipioni
1019 1816 1122 1862 :vere

78 1912 105 1977 in
123 1911 231 1980 exsilio
248 1914 351 1994 vixit,
375 1912 433 2002 qui
454 1910 502 1976 tic
525 1907 853 1995 iurabatur.»1mo,
876 1912 904 1979 ei
926 1910 1028 1992 scine,
1053 1932 1122 1976 nou

75 2155 106 2206 t'u
119 2154 224 2208 edilium
239 2153 387 2208 muneribue
402 2153 459 2208 ride
474 2171 513 2225 ep.
525 2170 565 2204 me
647 2151 671 2203 3.
685 2152 724 2205 Et
740 2158 926 2225 asperabat,
945 2165 975 2207 at
988 2158 1015 2206 t‘u
1031 2155 1123 2207 balnea

74 2231 100 2283 td
108 2231 180 2285 Taciti
198 2237 267 2284 Ann.
288 2233 330 2299 il,
350 2231 394 2283 suu.
414 2244 437 2283 et
450 2231 565 2302 quereias
613 2243 766 2300 coqueretur.
788 2235 839 2287 Pro
858 2235 1044 2303 exspectabat,
1066 2251 1122 2302 quc

73 2311 153 2364 similer
162 2333 199 2386 ep.
210 2311 340 2366 Plutarch.
351 2313 396 2366 111.
407 2311 501 2379 Queat.
512 2324 564 2364 net.
613 2310 688 2362 lertio
705 2329 777 2364 nunc
789 2324 827 2366 eet
837 2313 958 2384 vulgata,
975 2310 1121 2381 Schweigh.

73 2410 89 2442 e
100 2409 133 2443 ro.
144 2391 235 2460 Quart
247 2391 349 2444 conde.
360 2390 437 2454 vlu,
449 2410 473 2456 o.
484 2388 555 2458 Lipe.
612 2389 688 2444 scribi
698 2390 768 2462 jabet
774 2395 921 2462 spectabat,
932 2392 1000 2463 quod
1011 2403 1068 2444 aute
1079 2390 1122 2443 Li-

102 2490 118 2522 ι.
129 2471 323 2523 Vtramtaoari.
332 2469 374 2522 Sic
383 2467 564 2536 percommode
612 2465 694 2537 prium
715 2469 809 2522 dabant
829 2471 886 2523 edd.
898 2489 956 2522 euru
969 2468 1066 2533 muttit,
1083 2487 1123 2519 ex-

72 2565 95 2599 tc
110 2546 256 2618 lepidissime
269 2547 309 2600 ed.
327 2551 361 2599 A.
374 2565 508 2616 ranaeque
525 2544 563 2597 ed.
613 2556 683 2616 cepto
696 2566 750 2600 nuo
760 2561 802 2600 ent
811 2548 891 2601 alteru
903 2546 1021 2610 Grateri,
1031 2546 1058 2598 in
1067 2546 1124 2618 qui·

72 2625 125 2676 Veu.
138 2638 160 2678 et
172 2624 228 2680 atie
241 2637 301 2678 ente
314 2623 397 2676 naht.
412 2644 469 2676 cum
483 2623 564 2676 mettio
612 2620 659 2674 but
675 2626 844 2694 exspectabat
858 2664 866 2693 ,
885 2625 994 2679 toiemni
1013 2624 1122 2678 librariis

72 2703 174 2755 adnuunt
183 2701 313 2756 omuibut.
325 2704 460 2775 Perpetem
469 2705 564 2753 vitiam
612 2700 762 2753 confatione
770 2703 902 2754 verborum
912 2713 1027 2771 spectare
1035 2716 1122 2756 etex-

70 2779 102 2833 ed.
113 2781 145 2832 R.
159 2781 227 2852 quod
242 2792 400 2834 correcturus
411 2779 432 2832 is
443 2779 489 2851 qni
504 2779 563 2830 edi·
612 2787 732 2847 spectare.
748 2779 888 2850 Spectabat
904 2819 912 2847 ,
932 2781 1016 2851 inquit
1034 2780 1121 2836 sthur.

70 2857 150 2910 tionem
164 2858 323 2910 Tarriainum
335 2856 431 2910 curarit
442 2859 452 2922 (
465 2875 493 2908 ec
511 2858 564 2908 ior·
612 2875 688 2925 quam
700 2855 782 2928 lepide
792 2858 890 2920 nonin,
900 2878 946 2930 pro
959 2861 1062 2910 benet:
1073 2878 1120 2910 no·

70 2953 105 2986 sun
115 2937 161 3008 jam
173 2949 230 2990 tute
242 2937 328 3001 hunc,
341 2937 361 2988 ie
374 2936 430 3005 quia
443 2933 564 3006 Neapoli·
612 2934 655 2986 stri
666 2955 750 3000 more,
763 2937 857 2990 dietum
867 2937 913 3000 tit,
928 2956 1003 2990 nemo
1015 2955 1068 2989 nun
1080 2936 1122 2990 ri-

68 3023 122 3066 tune
130 3013 290 3085 prefuerat),
301 3013 441 3084 exconject.
454 3015 563 3065 inritam
613 3013 662 3065 det.

68 3089 167 3162 tcripsit;
186 3091 258 3142 unde
279 3090 350 3144 ittam
369 3089 515 3163 teripturam
535 3091 563 3142 in
645 3093 831 3162 4.Caqaetetar.
843 3094 977 3165 Perpetem
987 3113 1121 3160 concoque-

67 3187 102 3219 οη
119 3187 167 3224 tuat
186 3167 308 3221 editionis
325 3169 423 3221 notarit
437 3169 562 3220 Erasmus.
612 3181 648 3222 ret
666 3169 714 3240 jura
733 3171 794 3224 iude
811 3174 843 3223 ab
859 3172 898 3223 ed.
911 3173 977 3224 Ven.
998 3183 1021 3224 et
1034 3169 1120 3243 Liptio

67 3243 129 3296 Nune
145 3246 192 3300 boe
212 3247 298 3320 ipsum
317 3250 426 3300 incitam
440 3247 562 3318 arripient
612 3246 742 3321 vulgatura
755 3260 820 3312 erat3
834 3250 903 3320 qnod
916 3269 992 3320 quam
1003 3249 1118 3318 ineptum

66 3319 138 3372 Rubi.
157 3323 183 3376 iu
204 3337 323 3377 contentu
345 3326 442 3397 posuit,
461 3323 562 3377 nullum
611 3323 728 3377 sitnemo
740 3345 793 3377 non
807 3325 891 3391 ridet,
904 3325 976 3396 quati
987 3327 1120 3398 quiequam

65 3416 152 3449 uncum
161 3401 268 3453 fundere
278 3399 406 3474 vulgatam
415 3401 561 3473 scripturam
612 3403 780 3456 concoctionis
797 3423 869 3458 cauta
884 3405 911 3456 in
929 3405 1049 3458 balneum
1070 3406 1121 3457 de·
1155 3457 1160 3464 ,

65 3489 190 3530 autumant.
200 3477 319 3530 Schoe-
328 3479 421 3534 Scaeuo
430 3493 482 3534 eut:
491 3480 561 3533 illam
610 3482 738 3534 scenderet
747 3483 752 3535 i
762 3484 840 3536 Recte
848 3503 907 3536 vero
918 3493 1065 3551 coqueretur
1074 3484 1120 3538 de-

64 3552 146 3605 nudem
156 3567 207 3608 tam
219 3555 328 3608 calidam
337 3569 360 3608 et
370 3557 497 3610 ardentem
510 3577 562 3611 este
611 3557 669 3610 dere
682 3557 718 3609 R.
735 3559 772 3610 A.
786 3580 807 3612 c.
828 3581 875 3612 nec
895 3561 982 3615 dubito
1004 3561 1119 3615 eamdem

64 3637 89 3678 ut
101 3649 180 3684 serum
195 3632 242 3685 illa
256 3633 336 3708 mergi
350 3647 426 3706 queat
445 3635 560 3709 supplicii
610 3635 1066 3711 scripturaminaiiialibrierepertum
1076 3640 1117 3705 iri,

63 3706 117 3762 loco.
610 3715 629 3765 si
643 3713 720 3767 modo
732 3715 879 3788 diligentiae
893 3718 986 3769 fuerint
998 3719 1100 3791 inspecti
1111 3737 1118 3771 t

89 3790 193 3844 alatis
207 3795 394 3860 specularibus.
402 3794 440 3845 Ita
449 3793 560 3847 assolent
609 3811 638 3844 ex
654 3791 709 3843 Per.
721 3811 739 3844 a
751 3811 805 3844 uno
821 3815 872 3846 aon
882 3795 1119 3865 coqueremradno·

61 3879 137 3919 eontra
146 3881 236 3922 centor
246 3869 354 3940 objicere
363 3871 501 3944 specularia
508 3871 559 3935 (vi-
607 3879 686 3920 tetum
695 3869 804 3941 reperio,
812 3871 925 3947 imperite
935 3874 1031 3945 adjecta
1038 3891 1118 3945 nege·

59 3963 106 3996 cern
118 3945 193 4000 hodie
204 3947 354 4016 vitrearum)
367 3961 390 4000 et
400 3947 457 4000 illut
470 3949 559 4001 eeclu-
607 3946 693 4010 tione,
711 3969 768 4020 qnte
782 3962 866 4003 temen
886 3963 921 4002 est
934 3950 1117 4003 subaudiendo.

60 4021 126 4086 dere,
142 4025 227 4078 lucem
247 4025 387 4078 admittere.
410 4027 534 4080 Martialis
552 4045 559 4080 t
606 4027 687 4080 Scio.

60 4099 202 4154 «Hibernis
225 4101 322 4173 objecta
341 4104 407 4156 notis
423 4106 558 4177 specularia
639 4106 663 4156 5.
683 4105 796 4160 Saceata
809 4129 880 4179 aqna
901 4127 958 4160 caat
973 4108 1087 4161 Gronov.
1103 4129 1116 4161 e

59 4195 123 4245 purae
135 4181 284 4234 Admittunt
299 4181 381 4246 soles,
397 4197 421 4235 et
437 4185 491 4238 eine
505 4186 558 4238 fece
608 4185 681 4237 codd.
693 4187 793 4260 recepi:
804 4199 875 4252 aute,
886 4198 993 4258 pacata
1004 4217 1035 4228 -
1046 4187 1118 4240 Sac-

58 4253 126 4308 diem.
134 4277 147 4303 ι
161 4257 279 4326 lipsien.
606 4269 673 4315 cata.
690 4263 770 4318 Sueto
780 4264 878 4334 (topi)
895 4266 1018 4338 percolata
1028 4285 1035 4320 :
1045 4285 1117 4319 musa
