2975 4992
300 456 367 543 ass
595 454 635 523 a.
661 412 1101 559 submissuros

258 621 274 653 2
299 580 545 655 lacrimandum
572 600 646 671 est,
675 606 749 652 non
778 582 994 676 plorandum.
1024 584 1154 653 Duram
1172 585 1236 653 tibi
1267 585 1381 681 legem

298 702 419 773 videor
430 703 584 796 ponere?
600 726 705 795 quum
719 703 901 770 Poetarum
913 700 1110 770 Graecorum
1127 704 1312 772 maximus¹
1323 704 1383 797 jus

300 820 406 889 ilendi
424 818 559 888 dederit
584 820 621 887 in
645 842 752 886 unum
775 815 940 885 duntaxat
957 813 1071 903 dicm3
1097 843 1202 911 quum
1224 819 1379 903 dixerit,

304 962 320 999 s
351 935 453 1003 etiam
475 932 634 1002 Nioben²
662 929 705 999 de
731 930 809 1001 cibo
836 932 1059 1023 cogitasse.»
1091 931 1255 1025 Quaeris,
1287 930 1382 1003 uude

303 1052 370 1121 sint
387 1050 664 1133 lamentationes,
683 1048 776 1116 unde
798 1046 970 1116 immodici
987 1048 1115 1116 fletus?
1136 1051 1203 1117 Per
1225 1050 1384 1119 lacrimas

302 1182 502 1262 argumenta
528 1164 690 1235 desiderii
715 1165 923 1257 quaerimus3
947 1180 982 1232 ct
1000 1163 1152 1234 dolorem
1171 1190 1242 1235 non
1265 1170 1383 1261 sequi-

305 1308 400 1366 mur,
418 1282 478 1350 sed
492 1282 712 1351 ostendimus.
732 1282 840 1347 Nemo
854 1279 962 1347 tristis
977 1277 1043 1347 sibi
1061 1272 1148 1348 θεῖ’.
1164 1281 1382 1350 Oinfelicem

264 1420 279 1473 a
305 1396 501 1469 stultitiam!
523 1412 574 1467 est
592 1399 707 1492 aliqua
726 1412 761 1465 et
780 1396 910 1464 doloris
927 1395 1078 1464 ambitio.
1093 1396 1249 1491 -Quid
1269 1401 1387 1495 ergo?

305 1517 420 1609 inquis
435 1544 446 1601 3
466 1515 647 1584 obliviscar
663 1514 789 1583 amici?
802 1550 841 1566 -·
855 1516 997 1582 Brevem
1016 1512 1067 1581 illi
1084 1510 1177 1607 apud
1195 1530 1230 1583 te
1248 1538 1386 1585 memo-

260 1610 261 1615 *
306 1635 391 1703 riam
414 1632 605 1728 promittis,
627 1632 756 1699 sicum
778 1629 897 1698 dolore
920 1652 1078 1698 mansura
1103 1646 1166 1699 est.
1188 1634 1262 1701 Jam
1283 1634 1386 1701 istam

307 1749 454 1816 frontem
476 1747 521 1815 ad
544 1748 649 1816 risum
668 1746 831 1841 quaelibet
852 1746 992 1815 fortuita
1008 1770 1064 1815 res
1082 1748 1263 1817 transferet
1285 1776 1294 1816 z
1315 1774 1386 1818 non

305 1862 428 1931 differo
444 1862 481 1931 in
501 1863 635 1955 longius
651 1880 805 1957 tempus,
828 1886 896 1955 quo
914 1861 1120 1931 desiderium
1139 1888 1240 1932 omne
1253 1865 1388 1934 mulce-

306 1998 364 2049 tur
371 2032 383 2065 ,
401 2004 469 2073 quo
483 1982 584 2050 etiam
598 1982 755 2051 acerrimi
772 1980 884 2049 luctus
897 1973 1086 2048 residunt⁴.
1103 1980 1220 2073 Quum
1234 1983 1387 2076 primum

306 2112 340 2165 te
354 2096 535 2167 observare
547 2095 712 2182 desieris,
731 2096 843 2190 imago
858 2097 922 2165 ista
939 2096 1084 2164 tristitiae
1097 2094 1251 2165 discedet
1266 2124 1275 2167 :
1292 2123 1388 2167 nunc

306 2215 380 2308 ipae
395 2213 544 2283 custodis
560 2212 711 2282 dolorem
726 2228 820 2281 tuum
831 2207 858 2301 ⁵3
874 2212 935 2281 sed
948 2214 1150 2282 custodienti
1165 2238 1303 2307 quoque
1314 2216 1387 2285 ela·

268 2350 284 2415 4
307 2328 423 2409 bitur,
441 2352 550 2420 coque
567 2329 689 2412 citius,
706 2352 774 2420 quo
789 2344 840 2396 est
853 2329 986 2410 acrior,
1007 2326 1146 2398 desinit.
1166 2330 1206 2398 Id
1219 2354 1382 2424 agamus,

308 2458 347 2512 ut
354 2441 509 2537 jucunda
522 2444 583 2514 fiat
595 2442 693 2512 nobis
705 2445 904 2512 amissorum
922 2442 1112 2513 recordatio
1130 2472 1139 2513 ι
1156 2470 1255 2515 nemo
1273 2446 1386 2516 liben-

308 2575 362 2627 ter
375 2556 419 2625 ad
434 2557 471 2625 id
487 2558 602 2644 redit,
621 2558 713 2650 quod
727 2582 796 2627 non
814 2560 888 2628 siue
908 2576 1076 2629 tormento
1090 2565 1302 2657 cogitaturus
1315 2582 1383 2636 est.

308 2676 343 2745 Si
363 2692 475 2745 umen
496 2675 589 2745 istud
615 2674 692 2743 fieri
718 2698 858 2743 necesse
880 2691 953 2761 est,
983 2692 1022 2745 ut
1047 2702 1125 2748 cum
1144 2678 1261 2773 aliquo
1284 2682 1388 2751 nobis

309 2784 448 2863 morsu⁶
464 2794 690 2877 amissorum,
715 2816 802 2885 quos
824 2795 1028 2879 amavimus,
1050 2820 1174 2864 nomen
1198 2816 1358 2868 occurrat
1374 2828 1384 2883 3

308 2908 368 2977 bic
384 2932 520 3003 quoque
537 2932 669 2977 morsus
686 2908 790 2977 babet
810 2933 903 2979 suam
917 2911 1236 3004 voluptatemNam
1250 2963 1261 2997 ,
1276 2930 1317 2983 ut
1334 2914 1389 2984 di-

346 3160 367 3192 1.
389 3140 532 3193 Poetarum
553 3138 704 3191 Groecorum
722 3141 822 3190 moxi-
870 3137 913 3191 bic
923 3138 1039 3211 quisquis
1049 3138 1163 3204 laudari,
1176 3139 1390 3212 Gellta,qseris.

309 3236 378 3270 mus·
395 3216 516 3269 Allusisse
534 3216 635 3269 videtur
648 3215 679 3269 ad
699 3216 775 3269 Hom.
790 3216 822 3267 ll.
871 3215 1079 3284 illedoletvsrs,
1091 3216 1204 3286 quisine
1216 3219 1390 3273 testsdolet.»

309 3316 338 3363 s,
354 3294 402 3348 aad
420 3314 458 3365 aq.
476 3294 520 3347 ubi
533 3294 636 3364 Ulysses
657 3292 787 3346 Achillem
808 3314 823 3347 a
871 3294 912 3348 Cf.
919 3284 1394 3369 Ep.xcsx,15.«1¹tusosssnutiodo·

309 3372 391 3425 nimio
402 3370 469 3425 luctu
487 3384 588 3445 propter
605 3370 715 3423 amicum
728 3373 822 3425 Patro-
870 3373 932 3427 loris
943 3374 1019 3446 exigit
1031 3393 1107 3445 quam
1120 3373 1196 3429 dolor
1206 3394 1213 3428 ε
1223 3377 1393 3449 quotusquis-

310 3449 378 3503 clum
397 3450 516 3502 absterret
536 3450 635 3502 z'Allb
656 3450 705 3519 χρὴ
723 3452 763 3503 aba
781 3452 822 3519 pla
870 3448 978 3518 quesibi
989 3450 1065 3503 tristis
1077 3449 1133 3503 est?
1144 3472 1158 3498 s
1174 3464 1220 3504 ete.
1231 3450 1327 3505 fluat.

310 3530 464 3581 καταθάπτειν
475 3529 501 3589 ὅς
518 3550 539 3579 sa
558 3528 661 3598 θάνῃσι,
675 3529 759 3585 uitta
775 3533 823 3581 -is-
905 3528 930 3593 4
939 3527 1079 3584 Residsmt.
1089 3530 1169 3583 Vetus
1181 3530 1259 3584 editio
1272 3532 1393 3605 etpluri·

310 3607 353 3676 pls
372 3606 470 3675 ἔχοντας
491 3605 530 3658 iss'
558 3607 627 3673 »ipses
655 3602 823 3673 caspiam.
872 3605 910 3658 mi
919 3606 994 3658 codd.
1005 3605 1109 3659 Gruteri
1121 3621 1231 3661 nostram
1247 3609 1394 3664 lectionem

345 3704 367 3737 a.
376 3684 478 3737 Nioben
485 3682 536 3735 vid.
546 3682 577 3735 ll.
584 3680 675 3749 sabos,
684 3682 728 3734 ubi
739 3681 824 3735 Achil·
872 3693 983 3736 tueatur.
994 3682 1116 3738 Erasmus
1124 3702 1132 3737 t
1140 3688 1262 3740 modus.
1270 3688 1365 3741 Ruta.

310 3758 823 3837 lesl'riamuralugenternconsolatur.R.
910 3762 935 3813 5.
956 3762 1032 3816 Nunc
1054 3766 1111 3833 ipse
1133 3766 1248 3818 custodis
1269 3766 1394 3819 dolorem

344 3842 368 3894 3.
384 3842 470 3895 Nemo
487 3844 568 3894 trisls's
585 3842 638 3894 sthi
655 3850 710 3905 est,
730 3838 774 3891 sed
797 3850 825 3891 ut
872 3850 955 3896 taum.
974 3843 1046 3895 Idem
1063 3843 1091 3895 in
1105 3842 1208 3897 Consul.
1221 3843 1253 3897 ad
1271 3844 1356 3899 Marc.
1367 3868 1395 3900 c.

311 3918 367 3972 eliis
391 3919 489 3972 lurtum
516 3938 590 3971 suum
616 3916 739 3971 ostendat.
761 3915 824 3970 'rats
872 3922 951 3987 vul,
966 3942 998 3989 a,
1012 3924 1141 3992 «Quoties
1150 3924 1220 3977 alind
1231 3924 1396 3995 egsris,ani·

312 3996 374 4069 quid
391 3996 516 4051 Martialis
533 3996 663 4071 Epigram.
684 3996 709 4063 Ι,
729 3994 777 4061 34,
791 3994 823 4048 ds
872 4020 929 4053 mos
941 4000 1108 4055 relaxabitur:
1118 4021 1187 4055 nunc
1203 4014 1226 4054 ts
1238 4000 1293 4075 ipsa
1304 4017 1395 4056 cumo-

312 4076 411 4129 Gellia:
426 4098 439 4125 s
454 4074 582 4128 Amissum
594 4094 646 4127 non
664 4072 724 4139 liet,
742 4093 823 4144 quum
874 4077 920 4131 dis.
934 4099 947 4125 s
959 4076 1077 4149 lipsius.

312 4155 365 4207 sola
378 4153 516 4220 estGellia,
526 4167 630 4228 patrem.
639 4153 668 4208 Si
677 4153 733 4226 quis
742 4153 822 4221 adest,
904 4156 930 4210 6.
943 4157 1052 4223 Morsu,
1061 4158 1079 4211 i.
1090 4158 1190 4231 ingrato
1197 4177 1284 4211 sensu·
1293 4159 1398 4213 Noster

305 4233 385 4305 iussas
399 4236 532 4308 prosiliunt
547 4234 666 4289 lacrimat.
680 4236 742 4289 Non
755 4234 824 4288 dolet
874 4234 1041 4308 distinguite
1062 4234 1149 4288 dolore
1169 4234 1216 4309 Ep.
1239 4250 1328 4305 που,
1353 4238 1398 4289 13.
