2975 4992
297 464 343 553 98
592 456 632 529 L.
660 464 838 533 ANNAEI
861 460 1084 539 SENECAE

297 593 388 659 inter
398 614 435 659 se
449 606 484 658 et
496 592 604 660 exitus
618 611 821 688 oongmant.
837 596 911 689 Qui
924 598 1056 667 amicus
1069 622 1142 669 esse
1156 602 1276 693 ooepit,
1292 602 1381 695 quia

297 709 453 802 expedit,
471 709 619 803 placebit
634 710 686 777 ei'
707 712 851 803 aliquod
863 716 1013 807 pretium
1030 732 1149 785 contra
1164 720 1376 801 amicitiam,

296 826 324 892 si
348 824 457 892 ullum
480 825 516 892 in
539 823 597 892 illa
617 823 728 917 placet
750 844 875 920 praeter
901 830 1044 922 ipsam'.
1068 830 1208 924 Inquid
1225 836 1378 904 amicum

294 935 423 1036 paro³l
435 957 475 1008 ut
486 940 630 1009 habeam
644 966 789 1035 proquo
803 947 889 1014 mori
902 949 1048 1040 possim,
1062 963 1101 1016 ut
1112 949 1256 1018 babeam
1269 974 1377 1042 quem

293 1061 331 1127 in
344 1059 500 1127 exsilium
515 1082 652 1151 sequar,
669 1060 768 1152 cujus
782 1084 836 1129 me
849 1064 949 1130 morti
965 1080 999 1131 et
1012 1088 1182 1157 opponam
1195 1082 1231 1133 et
1241 1068 1379 1161 impen-

255 1202 271 1255 9
294 1178 384 1246 dam.
401 1179 492 1261 Ista,
508 1200 610 1269 qnam
627 1194 666 1244 tu
679 1176 862 1262 describis,
883 1182 1068 1273 negotiatio
1083 1178 1170 1269 est⁴,
1194 1208 1264 1251 non
1278 1186 1379 1251 ami-

291 1296 372 1364 citia
392 1322 400 1360 :
418 1318 494 1401 quae
515 1293 559 1362 ad
578 1294 790 1362 commodum
809 1294 963 1380 accedit,
984 1321 1081 1389 quae,
1099 1297 1184 1390 quid
1204 1322 1406 1369 consecu-.

293 1430 369 1481 tura
380 1413 442 1493 sit,
460 1425 600 1503 spectat.
616 1412 694 1478 Non
707 1410 813 1479 dubie
826 1411 958 1503 aliquid
970 1410 1075 1482 habet
1088 1415 1198 1483 simile
1210 1419 1377 1487 amicitiae

291 1530 434 1601 allectus
447 1528 631 1596 amantium
649 1556 657 1594 :
669 1530 778 1622 possis
791 1527 924 1615 dicere,
935 1528 1028 1598 illam
1042 1555 1115 1600 esse
1126 1533 1275 1601 insanam
1288 1538 1376 1601 ami-

290 1648 404 1716 citiam
413 1640 438 1713 ⁵.
453 1644 630 1737 Numquid
643 1668 727 1739 ergo
742 1647 922 1738 mequam
934 1662 1024 1715 amat
1038 1647 1125 1716 lucri
1138 1651 1261 1717 causa?
1273 1675 1378 1718 num-

290 1765 372 1858 quid
393 1763 586 1863 ambitionis
608 1778 666 1830 aut
688 1762 830 1854 gloriae?
844 1764 924 1855 Ipse
942 1786 1006 1856 per
1028 1787 1064 1831 se
1084 1788 1193 1847 amor,
1215 1766 1373 1835 omnium

288 1879 433 1947 aliarum
447 1900 561 1944 rerum
578 1876 775 1969 negligens,
794 1876 926 1943 animos
939 1878 976 1943 in
995 1877 1215 1971 cupiditatem
1229 1879 1369 1958 formae,

289 2022 358 2065 non
369 1996 444 2063 sine
458 2018 517 2088 spe
529 2009 654 2062 mutum
668 1993 830 2077 caritatis,
842 1995 1010 2062 accendit.
1027 1993 1124 2086 Quid
1137 1998 1242 2088 ergo?
1253 2022 1294 2066 ex
1305 1998 1375 2065 ho-

289 2116 439 2183 nestiore
461 2136 561 2180 causa
584 2111 774 2203 coitturpis
794 2110 1038 2179 attonsa«
1054 2115 1130 2181 Non
1149 2114 1281 2207 agitur,
1306 2118 1372 2183 in-

290 2220 401 2324 quis⁶,
416 2252 507 2297 nunc
519 2228 598 2310 hoc,
615 2251 659 2295 an
673 2227 822 2294 amicitia
843 2243 984 2320 propter
996 2250 1046 2309 se,
1058 2252 1103 2295 an
1116 2245 1258 2321 propter
1268 2230 1372 2299 aliud

325 2463 345 2495 t.
363 2441 481 2495 Placebit
495 2443 527 2493 εἰ.
544 2440 691 2491 Ρτοηοωειι
709 2456 802 2509 perso-
850 2437 917 2505 Arg.
935 2455 956 2489 c.
977 2450 1002 2487 et
1018 2434 1058 2487 td.
1074 2436 1111 2488 A.
1130 2436 1167 2488 In
1186 2456 1237 2506 quo
1247 2440 1370 2491 amicum

289 2522 346 2577 nale
358 2522 477 2595 ignorant
488 2539 546 2571 mss.
559 2520 623 2585 Arg.
637 2514 689 2568 bc.
701 2526 725 2566 et
734 2514 802 2567 Par.
846 2534 940 2583 paras.
959 2508 1059 2583 Quibus
1072 2516 1191 2568 omnibus
1205 2528 1230 2567 et
1242 2515 1308 2568 inter
1321 2536 1370 2585 se,

288 2627 315 2657 a.
331 2603 356 2656 ὸ.
375 2604 401 2655 d.
420 2604 457 2654 Ae
475 2602 578 2652 sortasse
598 2617 627 2648 ex
645 2595 801 2667 interpreta—
849 2604 951 2646 etcum
971 2608 1093 2663 sequente
1112 2594 1227 2647 oratione
1246 2593 1368 2659 collatis,

289 2696 376 2736 mento
387 2680 512 2751 adjectum
523 2690 566 2729 est.
579 2674 659 2728 Scbw.
810 2688 814 2694 ’
848 2669 907 2722 ride
915 2691 948 2723 ne
958 2669 1104 2723 siciortasse
1116 2670 1213 2724 Seneca
1222 2669 1365 2744 scripserit:

324 2781 346 2811 2.
364 2756 493 2810 Stultum
510 2758 537 2807 in
552 2754 601 2807 illa
613 2753 803 2823 placelproeter
849 2751 887 2801 In
897 2752 976 2818 quid,
991 2753 1093 2820 inquis,
1104 2753 1339 2819 amicumpams?

288 2844 385 2907 ipsam.
404 2833 501 2888 Voeeb.
513 2836 642 2903 pretiatis.
662 2828 733 2902 qood
745 2841 801 2903 post
881 2829 904 2893 4.
922 2827 1071 2897 Negotiatio
1086 2839 1133 2880 est.
1147 2825 1201 2879 cie.
1212 2826 1245 2879 dc
1263 2827 1367 2880 Natura

286 2920 374 2986 placet
386 2910 567 2967 interserebant
580 2909 672 2981 vulgo,
682 2907 800 2979 ignorant
848 2906 963 2957 Deorum
969 2904 1059 2958 libll:
1067 2904 1234 2957 «Amicitiam
1241 2904 1303 2956 siad
1310 2906 1369 2958 lm·

288 2994 373 3059 mssti;
394 3010 484 3061 nempe
504 2987 682 3061 interpolatum
698 2984 730 3037 sb
745 2982 800 3035 bo·
848 2994 917 3035 etum
937 2996 1052 3035 nostrum
1070 2983 1224 3046 referemus,
1243 3002 1297 3035 non
1317 2984 1368 3036 erit

288 3072 371 3135 mine,
385 3068 430 3140 qui
442 3087 494 3119 non
508 3062 741 3125 animadvertisset,
751 3062 799 3112 ut-
848 3062 894 3114 ista
907 3062 1029 3127 amicitia,
1038 3062 1083 3113 sed
1092 3073 1231 3114 mercatura
1242 3062 1365 3132 quedam

288 3154 345 3203 lum
357 3145 423 3220 apud
440 3144 564 3197 Senecam
582 3142 650 3194 idern
667 3140 752 3191 velere
769 3156 798 3189 ac
840 3140 983 3216 ¹utilitatum
995 3159 1110 3192 suarum.
1124 3160 1137 3185 υ
1150 3140 1242 3193 ttulit.

288 3229 451 3301 quidquam,
475 3242 515 3275 res
534 3222 605 3285 allen
626 3217 799 3288 quemadmo-
881 3222 904 3271 5.
926 3220 1089 3272 Amicitiam.
1114 3218 1201 3272 Illam
1228 3238 1286 3271 esse
1307 3222 1361 3271 ires.

288 3310 350 3362 dnsn
369 3308 513 3376 l'reqnenter
531 3301 634 3352 nullum
654 3296 734 3362 dicit,
753 3314 800 3367 pro
849 3300 1010 3351 amitinum
1019 3297 1060 3350 sd.
1069 3295 1155 3349 naht.
1167 3296 1237 3366 qnod
1248 3296 1361 3368 primurn

286 3386 360 3440 ntttt
850 3377 878 3429 in
892 3377 931 3429 ed.
942 3374 1067 3449 Lipsiensi
1082 3391 1158 3442 1701,
1171 3374 1260 3445 reperi.
1275 3374 1363 3445 Supe-

320 3466 344 3517 3.
362 3464 398 3515 In
411 3462 478 3531 quid
486 3462 601 3512 amicum
611 3455 799 3525 pmtnstaeg.
852 3456 932 3508 riores
947 3473 1035 3506 omnes
1050 3472 1107 3505 cum
1123 3452 1205 3505 mestis
1220 3452 1298 3503 titum
1318 3464 1363 3503 te-

286 3544 310 3595 ὁ.
323 3534 614 3611 extorrectsiclegitur,
626 3534 796 3603 Inquisamt'ss
848 3547 917 3588 nent
930 3532 1011 3587 Sclsw.

285 3641 344 3675 cum
363 3636 451 3689 pam,
474 3614 543 3687 qnod
566 3612 659 3666 babent
681 3611 795 3683 plerique
876 3611 901 3664 6.
919 3614 981 3665 Non
993 3612 1092 3679 agitur,
1105 3608 1358 3681 inquisfflunclsor,

286 3698 406 3763 Gruteri;
419 3693 543 3747 sedidem
553 3692 619 3764 Arg.
632 3690 657 3743 b.
671 3687 734 3741 olim
747 3687 795 3738 lsa-
843 3710 881 3741 an
890 3692 1011 3741 amicitia
1021 3697 1129 3759 propter
1138 3706 1166 3740 se
1178 3725 1185 3752 ,
1204 3706 1241 3737 ass
1254 3696 1363 3755 propter

284 3776 390 3840 beent,
413 3772 448 3826 In
468 3773 535 3844 quid
554 3773 670 3822 amicum
689 3767 795 3834 parat?
841 3766 1362 3835 aliudsmxpetmdommsipmpter

285 3852 354 3927 qnod
370 3850 445 3906 ctiam
457 3870 527 3904 nunc
537 3860 572 3901 est
583 3846 610 3900 in
620 3845 685 3898 Par.
699 3846 722 3897 b.
734 3855 795 3894 etex
842 3863 871 3898 se
882 3849 987 3913 ipsam,
999 3857 1045 3897 etc.
1058 3844 1102 3895 Sic
1113 3842 1171 3895 edd
1182 3860 1285 3905 omna,
1296 3841 1357 3893 inde

283 3932 334 3986 alio
348 3934 408 3985 item
420 3928 516 4001 optimo
527 3924 614 3981 todire
627 3922 794 3991 (Nicetiano)
842 3923 875 3976 sb
889 3922 928 3975 ed.
941 3922 977 3974 R.
990 3922 1039 3975 niti
1052 3920 1122 3992 qnod
1138 3919 1268 3971 interduo
1281 3918 1358 3972 verbs

280 4008 438 4063 laudaturab
444 4006 795 4081 Ops-Inqut'tams'cumpam
839 4021 907 4053 turne
917 4000 964 4053 lior
974 4000 1124 4073 particulam
1133 4001 1167 4051 de
1177 3998 1360 4071 interponunt,

283 4086 392 4139 ed.1l.et
405 4104 463 4138 mss.
474 4083 539 4136 Par.
552 4102 578 4135 a.
589 4084 615 4134 d.
628 4078 673 4133 ted
686 4078 714 4130 in
727 4078 800 4131 Par.¹
840 4098 917 4148 quam
929 4078 1000 4131 mssti
1013 4078 1089 4130 etiam
1102 4096 1193 4130 ornnes
1203 4089 1357 4149 agnoscunt,

280 4184 307 4215 a.
320 4162 429 4236 primum
439 4164 520 4215 iuerat
527 4180 621 4229 paras.
633 4160 665 4212 ln
675 4157 715 4212 ed.
723 4149 797 4224 Ven'..
840 4169 864 4209 et
876 4156 972 4231 primus
985 4155 1078 4207 delevit
1090 4156 1224 4222 Muretus,
1238 4154 1356 4207 'lolliani

280 4254 329 4307 est,
341 4242 452 4313 laquies
463 4244 664 4311 igiluramicum
673 4256 748 4307 paro.
756 4230 794 4287 ln
839 4234 899 4307 styli
910 4234 1024 4290 emulus.
1036 4232 1145 4288 Minime
1154 4254 1213 4287 vero
1225 4232 1356 4308 expeditos
