2975 4992
368 495 636 567 arrsrona
661 495 871 572 nxxxv.
983 585 988 593 x
1093 500 1159 568 ssa

97 725 1155 759 m

237 869 240 878 ’
342 893 656 984 arrsrom
687 887 904 984 cxxxv:

562 1149 695 1168 ⁸*-

167 1347 205 1386 ΕΙ
219 1345 388 1386 RODUM
403 1347 516 1399 quim
534 1345 671 1386 mactus
689 1348 719 1385 m
738 1346 876 1386 ΒΑΜΙΜΙ
892 1347 1081 1392 mmmm.

124 1445 203 1504 suis·
214 1447 351 1520 dogmata,
364 1446 502 1520 sapientem
514 1466 603 1500 vacare
618 1447 766 1514 affectibus,
779 1447 879 1502 beatam
890 1449 969 1503 vitam
978 1451 1026 1504 sibi
1037 1455 1163 1516 sufficere,

95 1547 116 1586 et
126 1536 216 1588 {ortem
226 1534 330 1608 qunque
342 1533 443 1588 beatum
455 1553 524 1598 esse,
537 1533 586 1586 bae
602 1533 705 1608 epistola
720 1545 810 1587 eontra
823 1533 1019 1604 Peripateticos,
1029 1538 1074 1608 qui
1084 1559 1164 1609 quum

95 1616 244 1670 medietatem
260 1637 280 1668 s.
294 1615 491 1669 mediocritatem
508 1635 579 1668 suam
598 1615 672 1668 tutari
692 1615 804 1682 vellent,
824 1617 927 1669 affectus
947 1617 1090 1672 deminutos
1110 1642 1163 1675 non

95 1719 184 1752 eversos
195 1701 353 1764 statuebant,
365 1699 543 1762 vindicantur,
558 1719 610 1752 non
622 1700 657 1752 ita
666 1699 769 1770 quidem
781 1737 789 1764 ,
804 1701 870 1753 utin
885 1700 931 1755 bae
944 1702 1092 1758 defensione
1102 1726 1165 1758 onr-

94 1788 148 1840 nino
157 1786 316 1858 acquiescere
324 1787 411 1860 possis,
425 1784 631 1857 quandoquidem
642 1807 721 1858 quum
733 1787 940 1855 fundamentum,
949 1801 1003 1842 tum
1012 1788 1087 1856 ratio,
1098 1791 1163 1862 qni-

93 1875 134 1926 bus
143 1873 194 1926 bate
207 1872 329 1944 dogmata
342 1869 500 1935 innituntur,
509 1891 563 1923 non
575 1873 633 1924 satis
643 1885 713 1924 acute
725 1872 753 1924 in
764 1887 845 1946 partes
855 1893 912 1926 suaa
922 1873 1006 1926 soceri
1015 1875 1047 1926 ab
1058 1889 1166 1928 auctore⁴

93 1959 196 2011 ridemus
206 1975 213 2009 :
223 1957 284 2010 satis
294 1970 379 2009 tamen
387 1954 476 2008 efficax
484 1969 508 2008 et
519 1956 611 2010 idonea
622 1956 737 2008 defensio
749 1969 786 2008 est
797 1957 828 2008 ad
839 1956 990 2010 refellendos
999 1957 1163 2027 adversarios,

94 2043 132 2113 qni
143 2041 219 2094 mnito
232 2041 320 2093 minus
333 2040 457 2093 subtiliter
468 2061 521 2092 rem
534 2041 644 2114 aggressi
654 2053 721 2092 sunt.

120 2126 191 2196 Quod
200 2125 306 2198 quidem
318 2145 333 2177 a
347 2125 434 2178 multis
445 2125 626 2179 recentioribus
638 2164 645 2190 ,
660 2125 704 2196 qui
715 2125 874 2200 pbilosophis
892 2145 918 2178 se
928 2126 1101 2180 innumeratos
1113 2149 1165 2181 ro-

92 2211 155 2274 iunt,
171 2210 197 2262 in
210 2209 337 2284 principio
350 2210 444 2264 ethices
457 2209 624 2284 dijudicando
637 2210 758 2264 omissum
771 2222 824 2276 est,
843 2210 869 2262 id
888 2231 947 2262 vero
965 2211 996 2262 ab
1018 2211 1166 2265 adversariis

92 2293 150 2348 Ston
160 2313 224 2366 saepe
237 2293 385 2368 neglectum
398 2313 449 2346 esse
462 2306 579 2368 apparet,
591 2297 618 2346 in
630 2314 712 2348 rerum
725 2308 814 2347 natura
824 2294 954 2348 bominem
966 2295 1103 2364 quemdem
1113 2316 1165 2349 esse

92 2379 234 2452 negantibus
246 2416 256 2444 ‚
267 2379 296 2430 in
311 2397 385 2449 quern
397 2378 483 2431 omnia
495 2377 540 2431 iila
556 2377 673 2451 preclara
685 2417 692 2442 ‚
707 2397 764 2447 qun
776 2378 808 2432 de
821 2380 931 2451 sapiente
943 2401 990 2434 sno
1004 2380 1085 2434 Stoici
1095 2401 1165 2453 pra-

92 2463 211 2529 diearent,
228 2475 378 2536 competant
401 2475 474 2533 atque
497 2463 524 2514 in
538 2462 744 2535 cureperiuntur.
759 2462 790 2514 ln
805 2483 855 2535 quo
868 2483 970 2529 vereor,
989 2479 1018 2516 ut
1029 2465 1160 2530 Zenonis,

92 2547 152 2600 sne
167 2545 326 2610 conditoris,
344 2545 493 2598 sententiam
511 2556 682 2614 assequantur.
699 2545 758 2598 Non
771 2545 840 2598 enim
859 2544 887 2596 id
900 2546 953 2617 egit
963 2584 971 2610 ,
983 2559 1012 2598 ut
1028 2546 1164 2600 bominem

91 2631 219 2700 quemdam
230 2629 359 2702 eiusmodi
369 2630 446 2682 tuine
454 2641 580 2686 censeret,
592 2628 623 2680 ad
635 2645 711 2697 quern
720 2645 767 2679 nos
776 2645 988 2699 compararemus,
1003 2629 1169 2704 sedutqnsai·

91 2716 225 2790 exemplum
231 2735 374 2782 summum,
382 2714 520 2787 sapientem
531 2713 613 2780 iilum,
627 2713 659 2766 ad
672 2711 825 2764 imitandum
833 2712 926 2765 rationi
937 2712 1056 2767 bumana
1065 2733 1162 2788 prope-

91 2813 170 2852 neret:
182 2800 265 2852 modo
277 2799 345 2854 baud
358 2797 510 2850 abhorrente
522 2796 554 2850 ab
566 2797 612 2850 illo
622 2834 629 2860 ,
641 2814 691 2866 quo
706 2796 845 2849 Christiani
858 2809 980 2861 utnntur,
996 2797 1057 2850 dum
1076 2798 1163 2852 Deum

91 2897 111 2936 et
125 2883 254 2936 Cbristurn
270 2881 318 2934 sibi
334 2881 366 2935 ad
380 2881 533 2934 imitandum
545 2893 698 2954 proponunt.
712 2880 803 2932 Cressa
814 2880 900 2950 itaque
913 2881 1030 2934 Minerva
1044 2880 1162 2950 philoso-

90 2967 193 3036 pbantnr
209 2966 267 3034 itti,
281 2965 325 3036 qui
338 2965 403 3018 nihil
417 2963 464 3017 nisi
483 2963 556 3016 ranis
572 2963 829 3038 argumentationibus
845 2977 869 3016 et
886 2965 1002 3038 ineptiis,
1019 2966 1161 3037 quinetiam
1212 2990 1219 3018 r

90 3053 224 3106 mendaciis
238 3050 362 3124 repletum
378 3062 486 3124 systema
498 3049 606 3102 stoicum
617 3063 719 3123 erepant
732 3070 738 3100 :
752 3050 780 3101 in
794 3049 886 3118 quibus
902 3050 988 3104 nescio
1001 3051 1062 3123 quid
1080 3053 1160 3126 magis

91 3136 173 3202 mirer,
185 3135 349 3190 inscitiamne
359 3154 393 3186 an
406 3131 596 3187 confidentiam.

364 3310 482 3346 ΙΙΠΙΘΔ
500 3307 635 3343 nocturn
653 3307 711 3344 suo
729 3307 883 3345 unum.

134 3447 393 3513 Perancraan
409 3442 489 3523 tibi,
506 3457 540 3509 et
559 3440 729 3534 quidquid
746 3442 866 3511 nodosi
880 3447 889 3478 ¹
904 3442 1018 3512 adhue
1035 3467 1159 3538 super-

91 3579 158 3630 erat
177 3614 187 3644 ,
216 3562 471 3656 preterieram,
496 3574 675 3627 contentus
694 3560 791 3650 quasi
807 3567 975 3654 ,ςιιιῑιιιιι2
994 3560 1058 3629 tibi
1077 3560 1159 3632 dare

90 3703 224 3763 eorum,
245 3701 320 3771 quae
334 3700 355 3743 a
369 3675 493 3745 nostris
508 3671 690 3756 dicuntur,
712 3689 752 3742 ut
766 3673 932 3768 probetur
951 3703 967 3740 e
982 3677 1099 3745 Virtus
1114 3678 1158 3746 ad

91 3795 285 3888 explendam
304 3797 437 3862 Beatam
453 3794 564 3860 Vitam
585 3790 655 3858 sole
678 3792 759 3858 satis
776 3790 939 3863 efficax.»
959 3791 1063 3860 Jubes
1079 3817 1134 3862 me
1143 3844 1156 3882 ,

125 4053 145 4084 t.
155 4032 264 4084 Nodoss'.
275 4031 381 4100 Propter
389 4027 599 4099 interrogationes
647 4027 771 4104 loquendi
779 4047 859 4100 penus
866 4047 955 4084 eornm
961 4031 1102 4102 proprium,
1113 4032 1158 4102 qui

92 4111 190 4184 longius
202 4111 291 4184 petitus
301 4129 349 4164 nee
359 4108 418 4162 satis
429 4107 493 4162 bene
506 4125 598 4179 prone-
648 4127 705 4179 que
713 4109 768 4162 esni
777 4129 806 4161 ae
817 4108 908 4163 bibitui
918 4121 993 4174 sunt,
1003 4112 1103 4165 venelia
1113 4111 1158 4166 ba·

92 4188 184 4244 dentes·
198 4191 237 4243 Cf.
249 4210 271 4243 e.
282 4211 307 4262 g.
319 4189 366 4261 Ep.
380 4185 583 4250 mx11,83.li.
648 4183 722 4238 beret:
733 4205 764 4238 ea
777 4187 845 4239 enim
856 4186 1023 4240 licitetoribus
1033 4192 1156 4261 gustanda

124 4289 146 4320 π.
156 4267 270 4322 Gustum
278 4268 327 4322 siti
333 4267 403 4320 dure.
415 4263 529 4320 Gustum
536 4266 600 4318 durs
651 4264 709 4326 dare
721 4278 916 4323 consueverunt.
926 4266 1054 4323 umus.
