2975 4992
345 470 405 534 182
629 468 668 531 L.
694 456 871 530 ANNAEI
894 447 1114 529 SENEC'AE

337 595 426 688 ptias
442 593 545 661 verba
561 592 794 684 quaerentium.
809 594 975 682 ligavero
992 587 1138 681 aliquid,
1151 586 1244 679 quod
1256 589 1396 673 etmihi,

334 725 374 807 et
388 710 449 777 tibi
462 709 621 803 prodesse
634 708 761 800 possit,
777 706 935 774 scribam.
954 704 1050 797 Quid
1062 720 1173 773 autem
1186 703 1224 771 id
1237 706 1320 786 erit,
1337 706 1400 771 nisi

337 842 376 895 ut
390 843 422 894 te
443 827 602 895 exhorter
617 824 662 892 ad
679 824 803 892 honam
822 838 969 890 mentem
985 823 1002 889 P
1017 822 1127 913 Hujus
1149 819 1398 888 fundamentum

336 942 428 1033 quod
448 942 516 1025 ait,
544 941 698 1032 quaeris?
723 942 775 1007 Ne
798 936 944 1031 gaudeas
965 938 1061 1003 vanis
1078 932 1110 1000 ¹!
1131 934 1399 1005 Fundamentum

335 1054 401 1123 hoc
415 1077 487 1125 esse
499 1054 570 1123 dixi
591 1084 599 1124 ι
616 1056 752 1124 culmen
771 1059 855 1122 est².
876 1052 929 1121 Ad
946 1046 1135 1120 summum³
1150 1053 1310 1145 pervenit
1317 1103 1327 1135 ,
1343 1053 1400 1143 qui

335 1176 399 1242 seit
411 1198 478 1266 quo
493 1173 637 1267 gaudeat
652 1223 662 1259 ‚
678 1174 737 1267 qui
752 1172 946 1240 felicitatem
960 1194 1053 1239 suam
1066 1172 1103 1238 in
1116 1170 1226 1238 aliena
1239 1185 1400 1263 potestate

294 1341 308 1388 t
336 1314 403 1357 non
415 1292 538 1382 posuit.
557 1290 726 1359 Sollicitus
739 1303 789 1357 est
800 1302 834 1354 et
850 1288 999 1355 incertos
1011 1288 1077 1371 sui,
1088 1311 1188 1379 quem
1199 1286 1275 1381 sp'es
1289 1286 1401 1379 aliqua

335 1408 477 1500 proritat
493 1458 501 1489 ,
524 1407 605 1474 licet
622 1405 667 1473 ad
684 1425 820 1479 manum
839 1405 906 1482 sit,
928 1404 1007 1471 licet
1021 1428 1090 1492 non
1104 1428 1144 1472 ex
1160 1404 1294 1472 difficili
1308 1420 1401 1497 peta-

334 1537 411 1599 tur,
433 1521 514 1589 licet
534 1546 707 1613 nunquam
724 1520 819 1587 illum
841 1536 974 1612 sperata
996 1519 1205 1613 deceperint.
1226 1522 1300 1588 Hoc
1324 1535 1400 1588 ante

332 1640 445 1722 omnia
463 1638 535 1719 fac,
555 1639 601 1721 mi
619 1638 730 1705 Lucili
759 1665 766 1704 :
793 1635 885 1705 disce
911 1633 1080 1730 gaudere!
1108 1637 1285 1705 Existimas
1311 1661 1401 1705 nunc

333 1779 386 1831 me
402 1753 582 1822 detrahere
596 1753 658 1831 tibi
670 1754 792 1822 multas
807 1753 1016 1846 voluptates,
1037 1754 1096 1844 qui
1111 1754 1250 1823 fortuita
1263 1753 1401 1822 submo-

332 1893 394 1938 veo
408 1899 418 1957 ς
434 1872 494 1961 qui
511 1894 608 1962 spes,
626 1868 819 1955 dulcissima
837 1869 1098 1952 oblectamenta,
1117 1867 1317 1937 devitandas
1330 1870 1400 1937 exi-

333 1986 455 2052 stimo?
473 1988 580 2053 immo
600 2000 716 2053 contra
731 1982 739 2051 l
758 1986 838 2052 nolo
856 1985 919 2053 tihi
934 2009 1082 2076 unquam
1100 1965 1217 2053 deesse
1234 1985 1397 2053 laetitiam.

333 2099 418 2167 Volo
443 2099 535 2167 illam
558 2100 620 2167 tibi
646 2100 735 2166 domi
764 2091 895 2182 nasci⁴3
923 2116 1101 2184 nascetur,
1130 2102 1157 2168 si
1186 2099 1287 2167 modo
1314 2101 1402 2166 intra

292 2234 307 2294 3
334 2218 497 2309 teipsum
522 2218 576 2283 sit.
599 2218 737 2283 Carteres
756 2216 944 2286 hilaritates
968 2240 1039 2284 non
1064 2218 1208 2310 implent
1233 2210 1399 2309 ⁵pectus3

333 2334 478 2425 frontem
492 2327 690 2416 remittunt}
707 2334 800 2402 leves
815 2349 893 2402 sunt
913 2360 920 2399 ε
938 2333 1008 2401 nisi
1018 2334 1112 2431 forte,
1124 2333 1309 2426 tujndieas
1325 2357 1400 2401 eum

329 2448 500 2542 gaudere,
520 2451 580 2541 qui
597 2447 698 2517 ridet.
717 2449 860 2520 Animus
874 2449 976 2517 dehet
991 2473 1064 2518 esse
1081 2450 1193 2519 alacer
1209 2466 1245 2517 et
1267 2446 1398 2532 fidens,

330 2582 364 2633 et
390 2548 493 2659 super
513 2566 625 2634 omnia
643 2582 787 2633 erectus.
806 2565 894 2632 Mihi
912 2563 1039 2647 crede,
1062 2590 1116 2634 res
1133 2588 1252 2635 severa
1268 2582 1322 2634 est
1340 2589 1400 2633 ve·

366 2830 387 2862 r.
404 2810 445 2862 Ne
453 2812 573 2876 gaudeas
593 2812 679 2861 vonis.
701 2806 776 2881 Vana
793 2828 839 2860 au·
889 2830 966 2864 mae.
978 2809 1154 2877 etmel,
1172 2814 1196 2863 S.
1213 2810 1352 2883 Perpetem
1363 2811 1403 2861 od

331 2902 381 2939 tem
393 2900 451 2940 sunt
463 2907 506 2952 es,
521 2906 578 2958 quoe
596 2906 647 2939 non
667 2906 773 2959 semper,
792 2906 839 2939 nee
888 2908 1022 2943 summam
1039 2891 1106 2958 Arg.
1125 2888 1150 2939 b.
1169 2901 1193 2941 et
1209 2889 1280 2943 Par.
1299 2889 1327 2942 d.
1349 2888 1401 2940 Alii

329 2966 383 3025 sine
397 2966 449 3019 ulla
461 2965 643 3038 interruptione
654 2964 784 3018 hominem
794 2965 839 3017 asl-
888 2968 967 3039 vulgo
979 2971 1019 3020 ad
1031 2988 1152 3030 summ,
1168 2988 1215 3021 nee
1233 2969 1261 3021 id
1276 2969 1345 3023 male
1362 2968 1401 3021 Cf.

329 3046 415 3118 jurare
423 3059 525 3121 possunt
534 3047 566 3099 sd
577 3043 661 3109 officia
671 3065 716 3097 sua
727 3059 839 3099 accurate
889 3046 974 3109 xcu,
988 3047 1035 3112 23,
1051 3050 1088 3113 14.
1100 3045 1181 3101 Sctm.

330 3126 473 3197 peragenda
482 3122 688 3197 etvirtntisdeges
701 3145 840 3195 exsequeu-
922 3126 945 3191 4.
963 3126 1033 3178 Volo
1054 3128 1130 3178 illem
1154 3126 1204 3178 ts’bs'
1225 3126 1300 3179 domi
1321 3127 1401 3177 nasei.

328 3200 380 3260 das.
404 3203 548 3276 Opponitur
569 3203 646 3275 igitur
668 3201 707 3254 his
732 3202 839 3255 fortuitis
889 3204 958 3257 Bene
968 3202 1041 3254 vertit
1057 3202 1259 3273 lagrcngenh
1276 3204 1402 3270 pretends

329 3286 450 3357 vanisque
464 3286 612 3352 honestum,
632 3305 683 3355 quo
701 3285 732 3336 ah
745 3284 839 3336 honam
888 3272 1046 3344 peturoliser
1055 3298 1085 3347 ers
1095 3300 1160 3333 vous
1169 3283 1199 3332 Io
1205 3281 1266 3347 joie.
1276 3307 1312 3319 —
1325 3278 1401 3332 llaud

329 3377 441 3417 mentem
460 3363 640 3435 perducimur,
653 3376 680 3415 nt
693 3362 784 3415 Noster
796 3363 840 3413 in·
888 3359 954 3424 scio,
970 3379 1003 3412 an
1018 3358 1131 3424 alluserit
1145 3358 1176 3429 ad
1188 3378 1287 3410 morem
1297 3360 1402 3411 Roma-

329 3440 438 3510 nuit§3.
449 3440 524 3493 Cons.
539 3442 576 3492 Μ.
587 3438 711 3492 Antonin.
727 3438 838 3503 v111,1.
888 3456 996 3502 norum,
1017 3456 1068 3506 quo
1085 3436 1218 3509 pecuniam
1237 3456 1313 3490 suern
1334 3436 1403 3509 epod

329 3520 407 3591 Diog.
423 3520 501 3571 Laert.
512 3518 577 3580 Vll,
595 3518 648 3583 rod.
660 3516 750 3570 Ruth.
887 3534 999 3566 mensam
1021 3514 1050 3565 in
1074 3515 1128 3566 loru
1153 3514 1309 3588 deponerent
1325 3514 1366 3567 rel
1388 3534 1402 3565 a

362 3616 384 3648 η,
403 3594 618 3648 Plrndrrmentum
630 3596 676 3649 hoc
687 3615 742 3649 esse
753 3598 817 3652 dixi
823 3598 838 3650 ,Ρ
886 3591 1016 3644 mensariis
1025 3604 1213 3644 mutuarentur:
1223 3594 1341 3667 apposita
1351 3607 1403 3646 erat

328 3677 428 3725 culmen
442 3682 487 3723 est.
498 3672 574 3723 lieete
587 3672 641 3724 haee
652 3672 724 3724 lectio
737 3692 750 3723 e
763 3672 837 3725 codd.
887 3670 1028 3723 numeratio
1039 3670 1071 3722 de
1084 3672 1179 3738 domo,
1194 3690 1214 3722 s.
1225 3692 1253 3723 ex
1267 3673 1349 3738 cista,
1361 3673 1402 3725 vel

330 3751 473 3803 defenditur
499 3769 514 3801 a
540 3748 629 3803 Medio
658 3750 836 3820 nutantiquar.
885 3769 990 3802 nares.
1002 3748 1042 3801 Cf.
1055 3748 1087 3802 de
1102 3750 1191 3802 Benel'.
1203 3752 1295 3813 ΠΜ.
1309 3752 1403 3804 Dona-

329 3829 395 3881 lectt.
408 3830 451 3899 Ep.
464 3842 567 3892 cxxvn,
586 3839 611 3880 et
621 3826 743 3892 Cratero,
759 3848 836 3898 quum
886 3840 924 3879 tus
936 3823 966 3880 ad
977 3826 1080 3879 Terent.
1099 3827 1203 3881 Phorm.
1213 3829 1248 3894 V,
1267 3829 1292 3881 8.
1306 3829 1401 3881 Senee.

328 3920 402 3958 antea
413 3907 536 3977 legeretur
546 3906 599 3957 sine
610 3905 806 3977 interrogatione
815 3918 837 3956 et
886 3905 965 3980 Epist.
977 3920 1032 3969 xm,
1047 3907 1078 3957 til
1091 3919 1144 3959 not.
1157 3906 1249 3960 Ruth.

328 3989 406 4036 etiam
416 3988 515 4037 crdmen
525 3996 571 4037 est.
584 3982 674 4035 Ruit.
684 4010 718 4021 -
730 3984 838 4035 Calmes
920 3988 942 4037 5.
963 3986 1067 4039 Cretera
1076 3986 1220 4039 hilaritates
1227 4006 1278 4039 non
1289 3988 1404 4055 implent

328 4073 373 4115 est.
385 4062 501 4113 Nascitur
513 4061 581 4112 enim
593 4078 606 4112 e
618 4060 756 4131 sapientis,
770 4073 838 4114 esest
883 4063 1104 4133 peetus,smntem
1112 4064 1317 4117 remittuntdsnt
1325 4064 1404 4127 codd.

329 4140 381 4211 ejus
394 4140 461 4192 velut
474 4142 577 4193 fruetus.
589 4136 706 4210 lipsius.
886 4162 925 4214 ap.
938 4140 1088 4195 Pinciannm
1101 4142 1279 4208 retunditis,
1294 4155 1320 4194 et
1332 4142 1404 4195 Gro-

359 4218 384 4268 3.
405 4220 451 4268 Ad
467 4236 598 4269 summum
621 4216 690 4269 dedit
708 4218 747 4269 ed.
765 4220 798 4270 A.
815 4231 839 4268 et
887 4236 946 4268 nov.
956 4220 1056 4272 monuit
1067 4220 1098 4272 sd
1107 4220 1185 4293 Epist.
1196 4236 1277 4285 xm,
1289 4233 1344 4273 not.
1355 4220 1400 4287 ιθ,
