2975 4992
412 446 849 521 neisronanxxi.
1099 446 1166 545 457

93 579 229 645 ritatem
247 592 285 645 et
301 578 462 645 virtutem
480 603 488 645 ι
508 604 526 641 ι
545 576 714 669 quomodo
732 578 792 647 illa
806 602 876 649 non
894 581 1031 663 crescit,
1055 578 1105 649 sio
1123 604 1167 649 nc
1248 621 1270 633 ··

92 696 200 762 virtut
214 694 377 787 quidem
394 693 500 762 habet
511 718 673 763 numeros
686 718 783 779 auos,
802 695 903 789 plena
917 712 980 765 eat.

140 814 219 879 Non
238 828 291 879 eat
303 813 437 904 itaque,
457 810 550 902 quod
562 812 698 880 mireris
711 812 809 906 paria
825 836 898 881 eoae
910 816 1022 895 Bona,
1042 828 1077 884 et
1090 838 1167 906 quae
1217 868 1224 875 .

93 951 132 995 ex
147 929 326 1022 proposito
340 927 503 997 sumenda
518 944 614 1011 eunt,
635 943 761 1020 etqua
778 928 807 997 oi
825 930 873 997 ita
893 952 949 998 reo
970 928 1061 999 tulit.
1080 932 1167 999 Nam

93 1046 120 1111 oi
133 1042 227 1112 hanc
239 1051 249 1081 ¹
267 1044 528 1136 inaequalitatem
542 1046 731 1138 receperis,
742 1061 778 1112 et
791 1045 925 1114 fortiter
939 1048 1091 1138 torqueri
1102 1051 1115 1081 ¹
1128 1048 1165 1115 in

94 1158 286 1225 minoribus
302 1158 403 1226 honio
413 1179 573 1226 numeret
582 1207 594 1242 ,
609 1158 806 1227 numerabit
822 1160 924 1229 etiam
941 1160 978 1228 in
993 1160 1090 1229 malie
1108 1187 1115 1226 :
1132 1175 1167 1229 et
1193 1185 1222 1236 η

94 1275 267 1343 infelicem
286 1277 458 1345 Socratem
474 1272 567 1343 dicea
579 1276 616 1341 in
628 1299 785 1361 earcere,
804 1277 1164 1364 infelicemCatonem,

93 1392 239 1460 vulnera
253 1417 315 1461 aua
332 1392 535 1476 animoaiua,
556 1415 658 1483 quam
671 1390 816 1475 fecerat,
836 1408 1095 1479 retractantem,
1112 1418 1169 1463 ca-
1246 1406 1252 1431 ¹

93 1504 380 1574 lamitoaisaimnm
391 1504 542 1573 omnium
550 1494 751 1599 Regulum,
763 1503 844 1573 fidei
858 1530 974 1599 poenaa
983 1507 1169 1578 etiamhoe-

92 1620 182 1690 tibur
197 1638 341 1707 ‚servata
355 1621 575 1716 pendentem.
592 1620 699 1713 Atqui
716 1644 816 1689 nemo
833 1621 899 1691 hoc
916 1621 1050 1705 dicere,
1069 1647 1113 1691 nc
1126 1646 1167 1692 ex

94 1737 303 1807 mollissimis
321 1738 479 1831 quidem,
504 1760 606 1807 auena
621 1753 698 1805 eet:
720 1752 848 1830 nepant
866 1737 956 1805 enim
973 1738 1070 1805 illum
1094 1761 1167 1813 esee

93 1853 253 1940 beatum,
270 1854 332 1925 aed
345 1870 458 1923 tamen
470 1868 599 1947 negant
614 1854 788 1920 misenum.
802 1851 997 1921 Academici
1011 1846 1167 1925 ‘veterea

94 1967 232 2038 beatum
253 1969 392 2061 quidem
409 1992 482 2038 eoae
498 1970 599 2037 etiam
614 1970 705 2036 inter
726 1969 789 2036 hoo
811 1970 981 2037 cruciatus
996 1968 1170 2049 fatentur,

94 2085 238 2154 sednon
251 2086 297 2155 ad
312 2087 516 2179 perfectum,
536 2108 600 2153 nec
613 2084 659 2152 ad
671 2085 810 2179 plenum
826 2111 834 2151 ι
852 2083 945 2177 quod
959 2081 1166 2160 nullomodo

94 2216 205 2292 puteat
222 2201 348 2294 recipi.
369 2202 442 2269 Nini
459 2200 577 2269 beatus
598 2215 666 2283 eat,
686 2201 724 2267 in
741 2202 876 2270 'summo
898 2201 987 2269 bono
1011 2224 1079 2269 non
1100 2214 1163 2269 eat.

94 2316 196 2408 Quod
210 2341 381 2386 nummum
394 2320 524 2385 Bonum
540 2331 609 2401 eat,
625 2339 728 2408 aupra
746 2339 784 2385 oe
799 2314 940 2409 gradum
957 2338 1025 2391 non
1039 2314 1163 2401 habet,
1190 2337 1222 2392 ,ι

94 2432 243 2500 simodo
260 2433 312 2501 illi
330 2435 565 2512 virtutium,
583 2434 613 2501 ai
630 2432 723 2500 illam
740 2431 883 2501 adversa
900 2455 970 2503 non
986 2433 1163 2516 minuunt,

94 2550 120 2615 ti
133 2563 252 2615 manet
264 2550 367 2616 etiam
379 2548 585 2616 comminuto
601 2570 744 2639 corpore
760 2545 952 2617 incolumis.
967 2548 1084 2615 Manet
1101 2569 1164 2614 au-

93 2682 157 2733 tem
183 2691 192 2731 :
223 2666 386 2734 virtutem
410 2665 502 2732 enim
525 2664 681 2758 intelligo
706 2664 892 2739 animosam
914 2680 950 2731 et
976 2638 1161 2745 excelsam,

95 2805 194 2873 qnam
203 2782 326 2849 incitat
334 2779 505 2872 quidquid
517 2780 666 2848 infestat.
677 2782 778 2847 Hunc
787 2780 949 2860 animum,
961 2801 1062 2871 quem
1076 2802 1165 2872 eaepe

94 2897 241 2967 induunt
256 2921 431 2992 generoaae
443 2896 568 2965 indolia
577 2896 741 2989 juvenes,
758 2918 843 2987 quoa
855 2894 1000 2987 alicujus
1014 2896 1164 2963 honeatae

94 3017 143 3084 rei
156 3014 382 3109 pulchritudo
394 3015 580 3109 percussit,
597 3029 635 3081 ut
648 3014 761 3086 omnia
775 3012 913 3087 fortuita
927 3029 1160 3096 contemnant,

94 3130 246 3221 prolecto
276 3129 449 3222 Sapientia
477 3125 635 3196 infundet
665 3143 700 3195 et
733 3124 844 3195 tradet
871 3154 879 3194 ι
913 3125 1134 3221 persuadebit
1151 3175 1160 3209 ,

94 3269 197 3313 unum
220 3246 353 3311 Bonum
376 3268 467 3325 eoae,
489 3240 582 3335 quod
607 3243 807 3327 honestum,
835 3242 901 3311 hoc
920 3264 986 3311 nec
1012 3242 1160 3325 remitti,
1192 3278 1222 3333 ¹9

94 3383 155 3429 nec
161 3357 299 3429 intendi
310 3383 427 3453 pocae,
440 3382 509 3427 non
519 3358 644 3452 magio,
660 3380 762 3451 quam
774 3358 943 3451 regulam,
956 3383 1024 3451 qua
1033 3374 1163 3435 rectum

128 3554 374 3608 anamsthone
382 3554 544 3609 molimid·
555 3552 603 3627 Ep.
651 3572 678 3605 ιο
686 3551 843 3613 red'turum·
858 3552 967 3631 primum
976 3564 1004 3604 ut
1013 3552 1082 3603 venit
1088 3571 1166 3625 ,·crp

93 3648 179 3699 mu,
193 3634 323 3687 §Ultutt
626 3631 716 3687 tivos
729 3654 782 3686 ιιοιι
796 3632 977 3687 reddendotin
992 3645 1083 3699 senatu
1097 3652 1164 3685 een-

127 3716 346 3779 wammam.
355 3710 604 3784 Siparvumbonum
651 3712 718 3767 ruit.
729 3712 912 3803 doindcqnnm
923 3713 1163 3785 retinerctnrapro·

95 3790 480 3845 audireriol'ortitercruciatus
488 3788 604 3843 tolerare.
651 3790 755 3864 pinquis
778 3804 802 3847 et
822 3788 932 3856 amicis,
956 3789 987 3842 ad
1011 3787 1162 3863 supplicium

125 3869 151 3919 3.
160 3868 301 3938 Regulum
310 3868 425 3941 Explicat
436 3868 490 3921 hae
502 3867 605 3921 Cicero·
652 3868 735 3921 redire
746 3868 849 3929 maluit,
860 3888 938 3940 quam
948 3867 1024 3926 fidem
1037 3866 1103 3920 horti
1115 3864 1163 3919 da-

94 3946 134 3998 nie
145 3947 176 3999 dc
189 3948 243 4000 Off.
255 3948 283 4014 l,
298 3947 345 4011 13,
358 3947 428 4001 locus
437 3945 539 3999 nobilia.
552 3949 604 4001 lle-
651 3960 701 3998 tam
712 3946 807 3999 fallere.
819 3944 859 4001 Cf.
870 3946 903 3999 ad
915 3946 951 3997 lll
960 3946 991 4001 de
1003 3943 1109 3999 Provid.
1119 3944 1134 4013 ς
1146 3947 1161 3997 5

93 4024 168 4095 guina
182 4025 264 4097 primo
283 4023 352 4077 bello
369 4023 467 4077 Punico
486 4037 570 4096 eaptus
587 4043 603 4077 a
651 4038 704 4079 not.
722 4025 813 4078 nult.
827 4054 859 4066 -
872 4024 969 4084 Confer
985 4024 1058 4080 ctiam
1071 4016 1161 4075 Horat.

94 4101 178 4155 l’oenit
189 4121 269 4172 quum
282 4100 314 4154 dc
328 4100 431 4175 captivis
441 4116 603 4155 commutan-
650 4103 692 4156 od.
704 4102 756 4166 Ill,
774 4106 799 4154 5.

93 4177 133 4234 dis
140 4180 248 4233 Romam
256 4180 348 4233 mimus
358 4193 434 4249 esset,
446 4179 601 4251 jurassetque
683 4182 707 4247 4.
721 4182 873 4235 Academici
884 4192 1021 4236 υιιιιιι...
1029 4182 1138 4250 plenum
1150 4196 1159 4231 .·
