2975 4992
339 460 404 543 452
634 458 675 527 L.
702 458 878 527 soum
903 462 1114 533 sunnon

324 583 456 657 'ludum
471 587 673 655 litterarium
687 599 695 633 ¹
709 587 1011 682 philosophorum,
1029 598 1088 687 qui
1102 621 1174 664 rem
1188 600 1406 691 magnificen-

337 701 505 768 tissimum·
524 699 569 767 ad
593 699 739 794 syllabas
761 720 901 791 vocant3
928 708 987 796 qui
1014 710 1164 777 animum
1185 712 1317 779 minuta
1341 712 1407 781 do-

336 817 444 886 cendo
472 815 673 884 demittuut²
701 833 736 885 et
761 835 967 889 conterunt:
987 818 1212 893 fieseimilis³
1238 828 1329 911 illis,
1347 833 1406 921 qui

336 934 543 1002 invenerunt
560 935 643 1015 ista,
665 958 735 1002 non
753 936 813 1025 qui
830 934 974 1022 docent,
997 956 1030 1007 et
1045 939 1081 1007 id
1094 960 1218 1035 agunt,
1235 960 1275 1010 ut
1290 944 1406 1015 Philo-

294 1074 307 1125 ς
335 1046 760 1140 sophiapotiusdilfieilis,
775 1072 875 1139 quam
886 1051 1404 1153 magumvideaturssoerates,

334 1165 395 1255 qui
421 1177 524 1230 totam
546 1162 801 1257 Philosophiam
828 1169 998 1237 revocavit
1024 1168 1068 1237 ad
1085 1195 1216 1254 morea,
1241 1188 1277 1240 et
1298 1167 1407 1241 5Ιιιινιε

334 1304 497 1345 sumniam
509 1278 596 1346 dixit
607 1302 681 1346 case
691 1284 901 1370 sapientiam,
916 1279 1005 1351 bono
1018 1290 1173 1384 maloque
1190 1290 1402 1375 distinguere.

333 1397 506 1487 Sequere,
527 1395 687 1488 inquam,
707 1395 784 1464 illos
800 1392 827 1484 ⁶,
850 1400 878 1466 ei
901 1400 985 1492 quid
997 1402 1091 1497 apud
1107 1420 1141 1472 te
1158 1405 1269 1474 habeo
1287 1422 1407 1475 aucto-

368 1657 389 1693 ι.
401 1640 509 1693 ludum
526 1644 693 1696 litterarium.
710 1644 796 1696 Unum
812 1664 842 1698 ex
891 1646 961 1717 quod
979 1648 1018 1702 vel
1038 1648 1125 1703 invitis
1144 1650 1214 1705 libris
1227 1652 1405 1723 reponendum

332 1718 525 1791 elegantissimis
532 1719 843 1774 Senecaedictisenervant
891 1736 943 1777 erat
961 1743 968 1777 ι
984 1725 1028 1779 scd
1047 1728 1144 1781 aceedit
1161 1732 1298 1783 auctoritas
1316 1732 1406 1783 veteris

331 1797 420 1868 magni
430 1797 480 1849 viri
491 1796 574 1849 Faber
587 1798 629 1861 (ad
640 1797 684 1849 lib.
695 1799 722 1862 l,
737 1797 769 1851 sle
779 1800 842 1851 Just·
890 1802 977 1856 codsa
987 1804 1017 1856 P.
1029 1806 1112 1859 Fabro
1125 1806 1220 1859 laudati
1232 1808 1301 1879 apud
1311 1808 1405 1881 Opsop.

333 1887 358 1926 et
372 1875 447 1940 lure)
463 1886 487 1925 et
500 1874 625 1926 Gruterus
641 1876 842 1941 litterariorum,
892 1881 933 1933 cui
955 1883 1109 1957 suffragatur
1121 1903 1168 1935 ms.
1188 1884 1244 1937 Pal.
1258 1906 1308 1938 sec.
1321 1886 1405 1939 Sco-v.
1425 1930 1428 1935 .
1468 1922 1469 1925 =

332 1950 430 2025 lipsius
439 1954 592 2004 litteralium
602 1951 841 2007 rescribendo.Non
892 1958 1028 2013 -Servari
1035 1972 1120 2013 tamen
1130 1976 1185 2034 post
1183 1964 1239 2032 fies
1245 1963 1267 2016 si
1277 1964 1406 2018 intellexe-

332 2028 401 2080 euim
410 2028 485 2080 ludus
495 2028 536 2081 bic
548 2028 687 2082 ludibrium
698 2029 842 2102 significat,
892 2036 937 2091 ris:
944 2036 1071 2109 Relinque
1079 2040 1168 2093 ludum
1177 2082 1184 2108 ,
1194 2054 1241 2096 etc.
1251 2082 1259 2110 ,
1268 2044 1333 2096 etsie
1342 2042 1404 2108 fies;

333 2108 576 2161 sedsebolam.Etiu
585 2108 842 2181 bocurbanitasquocl
892 2113 910 2165 i.
922 2136 944 2168 c.
954 2117 975 2168 si
985 2116 1115 2187 reliqueris
1124 2159 1132 2186 ,
1144 2118 1197 2173 fies.

333 2187 417 2259 jungit
428 2206 481 2238 non
493 2187 622 2259 jungenda
633 2206 640 2241 τ
652 2189 722 2260 quasi
734 2189 842 2241 diceret:
928 2194 951 2259 4.
963 2193 1128 2249 Socraten...
1141 2198 1312 2265 distinguere.
1324 2200 1406 2251 lucus

336 2266 534 2320 Grnmntoticen
543 2266 764 2334 pbilosophorum.
776 2266 843 2320 Gro-
893 2270 1064 2324 nobilissimus
1084 2272 1214 2327 Ciceronis
1231 2275 1307 2327 Tusc.
1319 2278 1365 2343 V,
1382 2278 1407 2341 4.

333 2362 390 2396 noo.
403 2342 446 2394 (Ξῖ.
458 2354 511 2395 not.
529 2362 567 2413 sq.
580 2371 613 2384 -
622 2342 751 2414 Relinque
763 2348 843 2396 istum
894 2351 946 2415 (cl.
958 2349 1044 2403 Divis.
1056 2349 1090 2402 ibi
1101 2372 1125 2424 p.
1137 2351 1182 2422 ¹9³
1195 2365 1219 2404 et
1229 2351 1297 2419 348)
1311 2358 1407 2427 epponi

331 2422 425 2472 ludum
443 2423 632 2473 litterarium...
640 2432 779 2474 conterunt·
789 2422 844 2473 lie-
893 2442 1003 2482 meretur
1012 2448 1019 2481 :
1028 2431 1141 2483 Socrates
1150 2445 1234 2484 autem
1247 2433 1342 2503 primus
1351 2434 1407 2509 pbi-

331 2495 608 2569 prebenditpraeteriim
618 2498 726 2561 Stoicos,
733 2499 804 2568 qu⁰tl
813 2498 844 2551 td
893 2507 1035 2582 losopltiam
1047 2508 1179 2562 devocavit
1190 2530 1204 2563 e
1216 2510 1281 2565 coelo
1292 2526 1317 2566 et
1325 2514 1354 2567 iu
1362 2537 1409 2567 ur-

331 2574 485 2646 syllabarum
493 2575 679 2630 distinctionem
692 2577 845 2647 etconjune·
893 2583 966 2638 bibus
978 2586 1127 2650 collocarit,
1145 2599 1170 2640 et
1183 2588 1212 2639 in
1224 2588 1316 2644 domos
1329 2594 1407 2645 etiarn

331 2652 413 2704 tiones
424 2672 452 2704 ae
465 2652 671 2726 prepositionum
683 2653 845 2727 proprietalca
894 2663 1048 2731 introduxit,
1061 2677 1085 2716 et
1092 2666 1174 2737 coegit
1184 2666 1216 2717 ‹le
1229 2668 1278 2721 vita
1289 2683 1314 2721 et
1324 2672 1408 2723 mori-

332 2728 509 2781 descentlentlo
528 2742 552 2782 et
570 2730 750 2783 Grammaticis
768 2732 842 2784 Geo-
891 2740 938 2792 bus
947 2740 1070 2811 rebusque
1078 2742 1152 2794 bonis
1164 2756 1188 2795 et
1198 2746 1271 2797 malis
1283 2766 1409 2817 quaerere.

331 2806 467 2877 metrisque
482 2806 622 2860 invidendo
633 2809 695 2881 (Ep
707 2822 841 2873 mxvur,
893 2816 934 2871 Cf,
946 2819 1059 2871 Meiners
1071 2821 1099 2887 1,
1114 2820 1131 2872 l.
1143 2822 1184 2885 ll,
1198 2845 1222 2893 p.
1238 2826 1286 2878 385
1297 2844 1353 2897 sqq.
1370 2827 1408 2879 R.

332 2883 397 2949 36),
408 2884 512 2957 ingenio
525 2886 634 2938 nimium
647 2886 771 2952 exercito,
782 2887 843 2939 ani·
926 2896 949 2947 5.
961 2895 999 2949 Et
1008 2896 1099 2951 lianc...
1109 2902 1187 2954 dixit.
1199 2902 1218 2953 l.
1226 2923 1248 2955 e.
1258 2903 1330 2956 Dixit
1341 2926 1410 2975 quo·

332 2979 403 3012 mum
422 2961 599 3033 relinquebant
617 2964 798 3029 inexercitum,
819 2978 843 3017 et
891 2994 950 3044 que,
960 2974 1021 3029 vid,
1033 2990 1148 3048 nouseq,
1161 2978 1205 3031 fin.

333 3039 444 3091 illavere
453 3060 546 3112 magna
553 3054 627 3112 atque
635 3042 749 3095 animum
758 3064 844 3096 emen-
925 3053 949 3106 ὃ.
960 3054 1086 3123 Sequere,
1099 3062 1225 3127 inquom,
1238 3063 1306 3115 illos.
1318 3063 1410 3135 Vulgo

332 3119 419 3170 danica
427 3132 470 3171 aut
480 3120 645 3184 omittebant,
655 3136 698 3175 aut
705 3123 782 3175 nimis
792 3124 844 3176 lit·
893 3131 1047 3185 scribebatur
1054 3152 1176 3203 :sequern
1185 3141 1409 3206 inquit,illos,etc.

332 3197 453 3250 ferebant.
475 3200 513 3251 lta
533 3198 721 3271 pbilosopbiam
739 3202 842 3276 professi
892 3208 1009 3284 llublop.
1018 3212 1125 3279 delevit,
1143 3220 1313 3285 inquitteum
1320 3220 1409 3291 ipsum

334 3278 485 3331 videbantur
494 3280 590 3331 ludum
601 3284 759 3334 litleroriurn
768 3282 844 3335 sebo·
892 3290 1025 3343 audiamus
1037 3310 1044 3344 z
1058 3292 1157 3366 Ubique
1168 3295 1200 3347 'in
1211 3297 1289 3351 cotlcl.
1307 3312 1332 3351 et
1343 3300 1408 3352 edd.

332 3356 384 3409 lam
404 3376 532 3421 exercere,
553 3357 630 3409 verba
648 3373 799 3431 aucupantes
819 3373 843 3413 et
892 3378 951 3420 vett.
965 3367 1018 3421 buc
1029 3371 1106 3423 verba
1118 3391 1169 3443 seq.
1182 3375 1219 3426 ill.
1234 3394 1256 3425 s.
1271 3396 1296 3444 q.
1308 3397 1336 3429 u.
1349 3390 1367 3429 t.
1380 3378 1409 3427 le.

332 3434 364 3485 de
374 3434 506 3506 phrasibus
516 3435 626 3489 solliciti.
638 3437 691 3504 Qui
701 3438 741 3489 vel
753 3438 842 3490 Lucia·
892 3464 918 3495 a.
929 3446 1008 3519 posita
1019 3460 1079 3499 suut
1088 3449 1189 3500 demum
1198 3464 1253 3525 post
1263 3452 1308 3505 illa
1318 3473 1327 3507 ε
1336 3456 1408 3507 bonu

333 3530 395 3563 num
409 3512 510 3584 legerit,
523 3512 589 3565 banc
603 3534 688 3566 rerum
701 3515 790 3567 taciem
800 3536 843 3567 vc·
892 3526 1017 3590 nanluqne
1024 3526 1190 3595 distinguere·
1199 3530 1302 3581 Atcnim
1314 3533 1409 3585 Mure-

332 3606 384 3639 ram
397 3589 523 3640 fatebitur.
537 3590 636 3642 Nimius
646 3604 732 3644 autem
742 3592 770 3643 in
781 3592 844 3645 Die·
893 3613 931 3652 tus
950 3614 1042 3655 temere
1065 3606 1221 3679 transpositis
1242 3608 1282 3661 bis
1304 3612 1407 3678 verbis,

332 3665 435 3731 lectica,
457 3667 489 3718 ael
508 3688 586 3737 quam
608 3682 633 3719 et
653 3668 843 3723 Grammaticeu
892 3680 962 3732 nulla
973 3693 1057 3735 tamen
1070 3684 1123 3755 ejus
1133 3686 1409 3759 transpositioniscan·

332 3743 487 3809 retulerunt,
501 3746 578 3798 luisse
591 3746 705 3811 Stoicos,
724 3760 784 3799 uota
804 3767 842 3800 res
889 3776 916 3809 ῃ
925 3797 932 3822 ‚
942 3778 974 3809 ne
987 3760 1115 3813 mentione
1127 3763 1232 3833 quidem
1245 3765 1321 3819 allate
1333 3806 1342 3832 ,
1356 3770 1409 3821 rol-

332 3837 376 3874 est.
386 3824 426 3874 Gi.
436 3824 556 3877 Brucler.
566 3824 631 3877 llist.
640 3826 695 3878 crit.
706 3826 774 3878 Pbil.
782 3826 842 3879 Vol.
890 3832 983 3887 locavit
997 3850 1050 3909 post
1061 3840 1183 3893 uidentur
1196 3855 1220 3893 et
1236 3842 1338 3897 inlarsit
1350 3862 1408 3919 post

332 3900 356 3961 l,
371 3921 394 3972 p.
406 3903 456 3968 qo4
466 3920 505 3971 sq.
515 3901 607 3955 Rnhlr.
877 3911 981 3963 'benten
999 3914 1116 3968 voculam
1141 3922 1249 3988 inquit:
1266 3924 1355 3976 omnia
1375 3948 1409 3978 ex

365 3998 387 4030 a.
399 3978 549 4030 Demittunt
562 3978 665 4052 plurimi
682 3982 760 4034 codd.
773 4002 842 4056 prae-
890 3986 1009 4061 ingenio!
1024 3993 1162 4048 Enimvero
1175 3997 1247 4051 nulla
1263 3994 1343 4054 cansa*
1352 4016 1407 4067 eat,

328 4067 409 4118 etant,
432 4057 563 4128 probatum
580 4078 596 4111 a
615 4059 700 4131 lipsio
717 4073 741 4111 et
759 4062 840 4115 Gron.
860 4060 863 4067 ¹
890 4084 935 4119 cur
943 4082 1051 4123 veterem
1059 4074 1207 4148 scripturam
1218 4077 1407 4149 relinquamus.

329 4132 399 4184 allii:
413 4138 561 4200 dimittunt,
578 4138 736 4191 diminuam.
750 4142 839 4193 nunt.
891 4144 927 4195 Er
938 4145 968 4198 iis
978 4148 1046 4199 euim
1056 4155 1103 4217 qui
1109 4154 1333 4218 tuomemneuta,
1344 4177 1410 4230 prae·

299 4238 312 4255 ο
361 4211 384 4262 3.
401 4213 465 4265 Fies
479 4217 582 4265 similis.
597 4214 684 4267 Scribe
686 4216 747 4284 fios
758 4221 839 4271 simil.
890 4222 962 4295 cipue
986 4227 1102 4280 nominat
1124 4229 1256 4285 Socratem
1282 4234 1408 4306 additque
