2975 4992
377 492 644 565 nrisrons
666 437 839 565 nxxu.
1082 500 1149 594 467

74 625 326 697 summovendae
345 629 629 719 sunt.-Tempns¹
650 624 788 718 quidem
809 627 1077 722 nullumparum
1100 644 1152 697 est

74 746 234 813 idoneum
253 743 367 812 sardio
386 742 550 811 salutari:
571 743 667 834 atqui
685 742 784 810 multi
803 744 894 810 iuter
913 742 972 811 illa
990 768 1059 812 uon
1080 761 1153 813 stu-

76 861 171 940 dent,
187 872 337 951 pnopter
354 880 429 948 quae
446 856 651 925 studendum
667 871 718 925 est
728 862 757 923 ².
778 896 816 908 —
834 857 967 927 Incidet
980 860 1071 951 quod
1086 860 1154 927 im-

75 972 211 1068 pediat,
236 998 290 1025 ·-··
312 996 383 1040 non
408 971 569 1063 equidem
600 996 697 1052 eum,
726 973 979 1064 cujusnnimus
1003 976 1152 1043 inomni

77 1093 219 1184 negotio
237 1090 334 1159 ltetns
348 1104 450 1181 atque
465 1088 579 1157 alacer
596 1105 647 1157 est
664 1116 673 1155 :
694 1090 902 1182 imperfectis
917 1089 1030 1159 adhuc
1047 1094 1155 1161 inter·
1179 1110 1194 1159 5

79 1205 252 1273 scinditur
277 1206 419 1291 loetitia3
448 1206 618 1297 Sapientis
640 1228 724 1272 vero
752 1208 942 1276 contexitur
969 1206 1152 1301 gaudium,

77 1324 171 1391 nulla
186 1323 362 1414 rumpitur
380 1344 499 1403 causa,
522 1321 616 1389 nulla
640 1313 795 1401 fortuna3
820 1348 954 1417 semper
969 1340 1004 1391 et
1026 1324 1154 1418 ubique

78 1438 308 1531 tranquillum
326 1454 388 1507 est.
412 1441 489 1506 Non
508 1438 600 1506 enim
621 1461 662 1505 ex
679 1438 791 1506 alieno
809 1438 954 1531 pendet,
980 1464 1044 1508 nec
1063 1414 1174 1509 favo-¹

78 1580 151 1623 rem
174 1540 338 1636 lortunae,
357 1568 416 1622 aut
434 1555 603 1636 hominis,
626 1570 809 1647 exspectat.
827 1558 1018 1624 Domestica
1034 1556 1084 1623 illi
1105 1558 1158 1625 fe-

78 1669 193 1735 licitas
213 1682 266 1735 est
289 1694 298 1733 :
322 1669 430 1736 exiret
447 1690 489 1735 er
511 1668 645 1750 animo,
673 1668 701 1736 si
728 1670 893 1755 intraret,
918 1670 967 1736 ibi
992 1671 1155 1738 nascitur.

81 1778 284 1872 Aliquando
298 1781 527 1862 extrinsecus,
547 1804 615 1872 quo
624 1780 1087 1865 admoneaturmortalitatis,
1106 1784 1160 1851 in·
1184 1795 1202 1846 6

80 1898 252 1983 terrenit3
275 1894 335 1963 sed
352 1896 390 1965 id
408 1896 500 1977 leve,
521 1910 555 1962 et
575 1895 668 1987 quod
685 1920 848 1965 summam
869 1914 978 1966 cutem
1001 1900 1156 1992 stringat.

80 2013 227 2103 Aliquo,
258 2014 417 2103 inquam,
446 2012 657 2080 incommodo
672 2008 831 2081 afflatur³
851 2039 859 2079 ι
879 2016 1060 2081 maximum
1088 2016 1162 2107 ejus

82 2129 215 2197 bonum
227 2144 279 2197 est
292 2130 410 2195 lixum.
422 2130 475 2195 Ito
487 2126 580 2210 dico,
594 2130 803 2197 extrinsecus
814 2110 928 2225 aliqua
942 2148 1019 2199 sunt
1032 2134 1163 2200 incom-

84 2244 192 2313 moda
204 2274 215 2330 5
230 2244 327 2313 velut
340 2247 530 2337 incorpore
543 2243 716 2313 interdum
728 2245 866 2313 robusto
876 2246 1052 2339 solidoque
1064 2271 1165 2341 erup-

82 2364 197 2430 tiones
213 2360 368 2453 quaedam
391 2361 603 2453 pustularum
622 2377 657 2428 et
674 2361 867 2444 ulcuscula,
891 2362 1023 2431 nullum
1043 2366 1077 2432 in
1095 2363 1163 2431 alto

84 2474 215 2543 malum
230 2489 293 2542 est.
308 2476 400 2556 Hoc,
417 2474 577 2565 inquam,
594 2474 738 2541 interest
754 2476 843 2545 inter
860 2493 1098 2543 consummatae
1114 2501 1166 2545 aa·
1190 2506 1204 2550 ⁷

84 2566 229 2687 pientiae
236 2587 250 2637 ⁴
261 2594 375 2661 risum
387 2641 396 2673 ,
409 2606 444 2659 et
452 2590 555 2658 alium
566 2588 783 2683 procedentis
791 2642 802 2675 ,
815 2590 907 2685 quod
921 2592 1012 2660 inter
1024 2616 1161 2679 sanum,

84 2728 120 2779 et
138 2736 182 2779 ex
202 2704 322 2777 morbo
343 2708 439 2801 gravi
455 2731 495 2776 ac
516 2704 649 2775 diutino
663 2724 917 2802 emergentem,
937 2710 993 2776 cui
1013 2710 1165 2779 sanitatis
1204 2708 1206 2712 ’

90 2830 173 2896 looo
197 2842 251 2895 est
276 2826 385 2893 levior
409 2817 595 2892 accessio⁵.
624 2825 707 2908 Hic,
735 2826 801 2891 nisi
828 2828 992 2910 attendit,
1020 2827 1165 2896 subinde

86 2960 273 3039 grarmur,
286 2942 371 3011 etin
386 2938 504 3009 eadem
519 2939 707 3009 revolvitur
722 2967 730 3009 ε
747 2942 889 3035 Sapiens
903 2936 1081 3014 recidere⁶
1096 2968 1166 3014 non

124 3198 147 3231 r.
157 3176 274 3245 Tempus
285 3176 399 3245 quidem.
410 3173 496 3227 Ruhk.
502 3172 607 3229 scribit:
654 3176 719 3227 dum
730 3184 777 3228 est.
787 3176 903 3249 Intellige
914 3178 979 3231 inter
990 3177 1075 3233 officia
1084 3179 1167 3232 ambi-

85 3269 104 3303 ·‘
112 3269 241 3329 tempusn.
250 3253 363 3308 salutari.
376 3275 390 3299 ι
403 3252 484 3323 Quasi
495 3264 556 3305 esset
566 3251 608 3305 ob·
655 3250 750 3318 tionis,
764 3252 904 3317 luxuriam,
916 3268 962 3308 etc.
976 3275 1033 3327 quae
1052 3256 1168 3321 animum

85 3335 185 3405 jectio,
198 3346 225 3386 et
237 3332 343 3407 explieat
356 3350 362 3383 τ
374 3350 519 3401 quanquam
532 3350 608 3382 omne
657 3344 779 3383 enervant
794 3352 822 3385 ae
842 3332 983 3404 dejiciunt,
1006 3332 1168 3407 efficiuntque

87 3424 192 3480 tempus
204 3411 329 3465 idoneum
341 3422 377 3461 est
386 3408 446 3461 lruis
455 3402 538 3461 studio
550 3408 611 3474 ‚ob·
657 3422 685 3459 nt
692 3407 860 3483 philosophiae
872 3412 985 3465 remedio
996 3412 1118 3485 indigeat.

88 3490 165 3561 jieiat
176 3489 280 3559 aliquis.
290 3488 447 3552 Enimvero,
461 3485 610 3561 respondet,
671 3556 675 3563 ι
692 3486 717 3539 3.
728 3486 847 3558 Afflatur
858 3506 866 3539 ‚¹
879 3493 1033 3541 traximum
1046 3496 1101 3555 ejus
1118 3490 1169 3543 bo-

88 3590 149 3622 non
164 3566 380 3643 philosophantur
392 3569 458 3619 inter
471 3566 514 3619 illa
532 3587 611 3641 nego·
659 3585 722 3616 num
728 3576 768 3617 ess
767 3566 872 3635 fixum.
883 3564 960 3619 Rubi
976 3567 1071 3622 edidit:
1084 3568 1170 3640 affla-

84 3648 123 3700 tia
136 3688 145 3710 ,
160 3659 184 3700 et
205 3664 374 3716 quaecumque
393 3665 434 3696 eos
453 3644 609 3716 impediunt,
642 3653 703 3711 ‘tur
720 3647 859 3695 maximus
878 3648 909 3703 is.
930 3648 1000 3698 illud
1020 3648 1113 3699 bouum
1133 3656 1173 3701 es!

85 3727 155 3797 quia
169 3724 254 3778 adhue
269 3722 429 3796 proficientes
446 3737 505 3775 sunt
518 3741 524 3773 z
541 3721 608 3793 quod
649 3722 756 3788 fixum.
765 3720 818 3784 Sir,
830 3722 922 3792 inquit,
934 3722 1003 3775 Erae.
1013 3738 1035 3775 et
1046 3722 1169 3777 edvetus.

86 3802 291 3855 multosliterse
300 3801 376 3853 habet
384 3800 539 3873 insapiente
548 3839 555 3859 ‚
565 3800 610 3870 qui
661 3802 693 3850 Ar
709 3799 806 3871 lipsius
820 3812 929 3851 nostram
943 3801 1076 3855 lectionem
1087 3800 1170 3855 habet.

86 3898 195 3953 semper
211 3878 240 3930 in
264 3878 359 3952 gaudio
378 3890 428 3940 est,
446 3898 475 3929 er
492 3876 610 3949 dogmate
694 3880 717 3945 4
726 3878 1067 3948 Consummotoesapientioe.
1076 3882 1169 3935 lterum

86 3956 183 4009 stoico.
196 3956 286 4008 notk,
297 3953 528 4008 -Sententisrum
541 3952 613 4005 divi·
660 3956 702 4009 hic
722 3954 868 4009 discrimina
888 3956 989 4027 perlecti
1007 3958 1125 4031 sapientis
1147 3971 1172 4011 et

85 4036 142 4097 sio,
150 4034 253 4104 qualem
260 4045 346 4085 noster
355 4043 433 4084 textus
441 4030 542 4105 prebet,
551 4050 613 4102 pau·
663 4033 788 4100 inchoati,
804 4034 836 4085 de
850 4034 940 4107 quibus
955 4054 1018 4108 saeps
1036 4034 1087 4106 jam
1100 4036 1169 4089 vidi-

86 4111 176 4184 lisper
194 4111 281 4164 differt
302 4110 333 4162 ab
354 4130 382 4162 es
396 4130 471 4181 quam
485 4110 614 4183 proposuit
662 4133 726 4165 mus.
739 4110 800 4165 vid.
809 4112 875 4186 lips.
884 4113 1031 4165 Nlanuduet.
1044 4112 1084 4180 ll,
1099 4134 1123 4185 q.
1135 4112 1170 4163 R.

87 4187 184 4242 Ruhk
193 4229 202 4255 ‚
210 4207 286 4257 sensu
293 4202 379 4241 tamen
388 4210 476 4262 parum
490 4201 596 4241 mutato.
696 4192 719 4242 5.
730 4192 853 4245 Accessio
863 4189 947 4243 febris,
958 4188 1049 4242 Rulli.

129 4266 324 4321 florenum„
332 4276 437 4334 propter
445 4287 505 4335 qua
513 4268 614 4318 studen-
697 4268 721 4318 6.
734 4266 847 4335 Sapiens
862 4270 970 4319 recidere
971 4304 1029 4319 .....
1047 4270 1171 4335 amplius.
