2975 4992
458 435 759 511 PRAEFATIO.
1136 466 1160 532 9

84 585 274 662 manitatem,
300 595 366 656 tmn
385 584 498 667 ingenii
519 585 605 648 dotes
628 584 782 668 egregias,
807 582 1020 646 docto-immet
1030 582 1161 645 studium
1238 586 1243 595 '

83 713 209 776 poeseos
230 691 393 776 mpissimc
407 691 509 754 laudat
521 689 648 755 Seneca.
662 689 883 777 Philosophum
897 712 968 753 eum
980 690 1075 754 inisse
1084 690 1163 774 Epi-

72 821 205 862 cureum
217 799 333 883 colligit
346 797 549 862 Wemsdovs·
560 821 630 862 cum
643 796 749 882 Lipsio
759 820 797 862 ex
809 796 871 882 Ep.
885 789 985 873 ιιιιιιι,
997 821 1015 880 p
1026 821 1034 856 ι
1044 798 1163 859 Possum

84 907 155 966 mim
171 927 271 967 vocem
286 907 339 965 tibi
353 905 473 988 Epicuri
484 908 528 965 tui
536 906 669 966 reddere:
682 905 730 967 cui
742 905 853 988 judicio
865 903 1006 986 equidem
1015 903 1164 966 assentior
1235 971 1239 987 ι

85 1009 248 1085 hacteuus,
264 1023 298 1071 ut
313 1009 463 1074 eclecticae
475 1009 673 1093 pbilosophioe
687 1010 821 1072 deditum
833 1007 978 1093 Epicuri,
998 1030 1090 1091 quem
1102 1029 1166 1071 non

85 1115 146 1178 sine
159 1116 274 1196 judicio
291 1115 365 1199 legit
375 1117 424 1195 (v.
439 1113 519 1200 Epp.
534 1133 585 1194 tx,
605 1138 617 1176 ι
632 1141 641 1189 3
656 1133 694 1193 x,
715 1131 793 1191 xm,
817 1117 865 1194 1);
882 1115 1022 1179 doctrine
1035 1115 1166 1177 multum

86 1223 226 1284 tribuisse
248 1222 391 1306 colligam
408 1244 444 1284 ex
460 1219 542 1306 Epp.
561 1238 615 1298 ιιι,
640 1238 724 1299 xxvv,
745 1238 830 1295 cvn,
850 1239 936 1285 cxiv.
950 1221 1055 1286 Facile
1065 1224 1167 1303 itaque

86 1329 235 1412 explicare
251 1343 315 1407 cst,
329 1331 410 1412 quod
420 1329 633 1414 pvocmatione
648 1329 805 1408 abdeca,
821 1329 854 1394 in
864 1329 961 1392 otium
973 1329 1168 1413 philosophi-

87 1458 153 1498 cum
168 1457 188 1498 a
203 1434 316 1499 Stoicis
328 1437 444 1520 pariter
457 1457 493 1500 ae
504 1433 665 1519 Epicureis
676 1435 836 1519 praelatum
846 1435 1095 1502 administrationi
1104 1434 1168 1497 rei-

86 1541 228 1624 publicae,
251 1543 393 1606 secedere
412 1541 559 1618 voluerit,
578 1541 788 1606 accedentibus
806 1541 1009 1604 incommodis
1023 1554 1054 1605 et
1068 1541 1170 1602 inimi-

87 1647 189 1724 citiis..
202 1647 382 1729 tn‘stitiaque
403 1649 434 1710 et
456 1647 603 1731 gravitate
630 1647 758 1719 mentis,
777 1649 816 1710 ad
832 1667 926 1730 qoam
941 1647 1168 1710 exhilarandam

89 1755 197 1816 itinera
211 1776 241 1817 e.
257 1775 284 1818 c.
298 1775 356 1838 per
371 1751 509 1818 Siciliam
521 1753 602 1816 lecit.
616 1751 732 1816 Videas
745 1750 829 1837 Epp.
838 1744 929 1829 'aliut¹
940 1769 1032 1827 xxiv,
1044 1767 1168 1830 xxviii,

90 1859 107 1944 ᾗ
128 1881 141 1922 ι
158 1884 168 1936 3
183 1877 276 1922 xsvv.
406 1909 411 1917 .

126 1964 597 2030 JunioremeumScnecaiuisse
606 1985 670 2030 non
679 1967 779 2030 solum
787 1980 867 2030 totns
875 1967 1072 2051 epistolarum
1082 1980 1172 2030 teuov

87 2074 191 2150 docet,
207 2074 262 2135 sed
279 2072 406 2156 epistola
417 2059 537 2155 quoqne
552 2089 651 2150 xxvi,
672 2095 699 2156 7.
712 2073 818 2136 Juniov·
830 2075 888 2135 es?
901 2075 971 2157 quid
981 2074 1091 2155 vesevi?
1112 2094 1171 2134 uon

87 2183 307 2242 dbvsusevootnr
321 2183 403 2242 anni.
424 2178 527 2262 Quem
545 2179 647 2244 locum
672 2193 755 2244 recte
771 2181 810 2241 ad
825 2193 944 2242 aetatem
964 2159 1086 2248 reicias,
1101 2200 1178 2247 cum.

87 2284 215 2370 lipsio,
233 2286 284 2371 qui
304 2298 408 2349 tamen
424 2309 517 2368 quum
533 2287 666 2360 diceret,
684 2285 799 2348 Juniov
811 2307 873 2349 nou
888 2286 979 2349 luisse
995 2283 1106 2349 Lucilii
1122 2305 1175 2347 co·

88 2413 239 2476 gnomen,
250 2413 314 2456 uon
329 2392 508 2458 advertebat
521 2391 594 2456 Nat.
611 2391 671 2475 Qu
686 2408 742 2470 ιιι,
758 2415 771 2454 ι
788 2395 872 2455 sSv‘oe
887 2392 1176 2475 ntapndte,dnn1br

87 2503 254 2576 cunlsime,
272 2501 386 2562 invento
394 2545 404 2576 ,
421 2513 477 2564 etc.
495 2500 645 2576 etlib.1v‚
664 2497 749 2584 praei.
760 2500 806 2560 Ito
819 2511 878 2576 est,
897 2503 939 2562 mt'
949 2499 1074 2575 Juut'ov,
1086 2513 1143 2562 etc.
1153 2512 1173 2559 ¹·
1190 2570 1193 2575 ¹

128 2605 206 2672 Non
222 2611 377 2691 praeterire
391 2609 451 2674 boc
463 2610 533 2673 loco
547 2609 620 2674 licet
630 2609 784 2672 fortunam
801 2608 961 2686 eximiam,
979 2629 1039 2690 qua
1050 2621 1174 2670 ornatos

87 2729 133 2778 est
150 2714 203 2778 bie
219 2712 355 2778 Lucilius
376 2715 487 2778 nostris
501 2717 625 2780 demum
639 2716 830 2800 temporibus
846 2737 866 2778 a
877 2715 964 2779 Vivis
982 2714 1100 2778 duobus
1115 2715 1174 2776 bu-

86 2821 274 2886 manissimis
292 2835 323 2885 et
340 2821 539 2898 doctissimis,
558 2822 609 2903 qui
627 2843 720 2904 quum
734 2843 772 2886 es
787 2821 870 2886 hisee
887 2821 1176 2917 epistolispcscivis-

87 2943 156 2992 sent
174 2925 331 2990 Lucilium
352 2941 490 2990 nostrum
505 2942 630 3011 poetam
645 2929 677 2989 in
694 2927 798 2992 animo
811 2928 953 2992 habuisse
963 2927 1176 3003 memorabilia

87 3033 201 3098 Siciliae
220 3047 310 3119 atque
328 3034 398 3096 ideo
413 3031 765 3108 AEtuamversibussuis
775 3034 952 3108 celebrare,
965 3034 1056 3109 ambo
1066 3037 1176 3098 eodem

89 3160 232 3228 tempore
252 3156 283 3206 at
300 3144 431 3208 diversis
450 3143 542 3221 locis,
569 3144 647 3208 alter
662 3142 717 3226 Jo.
741 3141 870 3208 caluisti.
883 3145 933 3209 W
928 3143 1075 3223 emsdvf,
1092 3142 1176 3206 Peos.

90 3250 267 3314 Helmstad.
272 3250 384 3313 abhinc
395 3250 509 3332 aliquot
520 3251 607 3314 annis
616 3249 666 3334 pie
678 3250 867 3327 teloneos-²,
874 3249 1043 3313 alteroid.
1052 3247 1177 3316 eluisti.

91 3357 247 3432 Matthia,
269 3354 414 3440 Gottiuga
434 3355 576 3418 oviendns
599 3357 701 3438 ibique
726 3354 876 3423 sodalitio
898 3357 1103 3441 philologieo‚
1119 3357 1174 3425 ,cui

92 3462 180 3526 Deus
196 3461 317 3536 faveat,
338 3483 460 3527 mecum
484 3464 666 3547 adscriptus,
687 3475 781 3546 ‘atque
793 3463 899 3528 intima
916 3463 1050 3532 anvioitia
1066 3485 1102 3525 ox
1116 3463 1174 3526 isto

90 3583 236 3654 tempore
246 3570 321 3634 mibi
329 3570 548 3654 junctissimus,
560 3587 641 3636 nunc
651 3567 788 3640 Prolem
795 3571 892 3652 antiq·
898 3570 955 3632 litt.
965 3568 999 3632 iu
1008 3567 1176 3635 Academia

125 3770 132 3800 ¹
150 3767 193 3820 cf.
209 3769 378 3822 Wemsdorl.
390 3768 408 3822 l.
419 3769 438 3822 l.
450 3790 475 3842 p.
496 3788 534 3821 aa,
547 3768 616 3822 Addi
631 3788 698 3822 nunc
712 3781 793 3843 poten
808 3766 960 3823 lenioribus
976 3768 1056 3822 aliisa
1074 3771 1124 3825 W.
1140 3768 1179 3822 ibi

93 3859 173 3912 allatis
192 3859 288 3913 Junior
305 3873 395 3935 poeta,
408 3860 479 3932 cujus
497 3859 654 3934 epigramma
670 3861 773 3934 elegans
789 3881 870 3936 nuper
881 3862 977 3936 primns
994 3861 1099 3935 protulit
1113 3863 1173 3912 Eu-

95 3951 150 4002 uius
164 3951 290 4020 Quirinus
306 3951 336 4002 V
333 3955 426 4006 tscontt
437 3952 464 4004 in
475 3951 544 4004 libro
557 3952 650 4006 docto:
662 3953 759 4006 Letteva
770 3973 801 4006 su
818 3954 869 4007 due
881 3952 1031 4005 monimenti
1043 3954 1083 4004 ne'
1100 3953 1171 4023 quali

94 4063 107 4092 c
119 4042 242 4095 memoria
252 4041 393 4096 d'Anlonia
405 4045 516 4115 Augusta
523 4079 534 4109 ¹,
543 4065 567 4116 p.
576 4061 625 4108 ιο,
639 4055 663 4098 et
674 4043 814 4098 vindicavit
822 4046 860 4099 Μ.
868 4045 991 4118 Pompeio
1001 4044 1111 4116 juniori,
1121 4043 1173 4115 jam

94 4153 123 4185 es
134 4132 291 4204 Anthologia
304 4133 422 4200 (brunk.
433 4133 563 4199 buain,
576 4155 601 4207 p.
619 4135 682 4202 105)
693 4145 762 4188 nolo.
774 4135 835 4206 Quo
846 4135 916 4207 jum,
932 4135 976 4189 alii
988 4137 1108 4191 viderint.
1117 4137 1184 4190 Vide

30 4227 33 4234 '
97 4223 210 4296 Gotting.
223 4223 274 4296 gel.
284 4225 350 4275 Ana.
363 4223 424 4276 anni
440 4225 512 4278 1800.
522 4243 567 4279 ιιιι.
579 4223 627 4290 36,
640 4245 665 4297 p.
677 4225 735 4278 360.

136 4315 226 4370 ²Vide
239 4317 377 4372 Poetarum
392 4315 524 4369 illinorum
540 4315 623 4370 Latin.
635 4317 709 4370 Tem.
724 4316 775 4383 iv,
789 4317 847 4370 init
899 4347 903 4354 ·
