2975 4992
369 484 641 553 nrrsrons
665 478 867 556 xxxm.
1089 490 1151 577 ψ

90 612 251 693 latentes,
281 610 370 680 nihil
399 615 569 682 existimo*
602 613 730 683 habere
768 614 950 708 generosi,
983 640 1158 711 nunquam

90 754 180 797 ausos
196 726 387 823 aliquando
402 730 535 817 fucere,
552 730 646 823 qnod
659 730 719 799 diu
738 730 940 801 didicerunt.
961 736 1159 805 Memoriam

91 850 119 913 in
129 846 256 915 alienis
267 862 492 915 exercuerunt
510 874 517 913 ι
535 846 628 915 aliud
639 852 837 917 eutem²est
850 850 1056 937 meminisse,
1065 850 1161 920 aliud

91 964 184 1031 scire.
215 964 440 1047 Meminisse,
464 980 514 1031 est
535 986 606 1033 rem
626 966 836 1033 commissam
856 967 1025 1036 memorius
1050 985 1163 1037 eusto-

91 1076 185 1165 dire3
206 1094 241 1147 at
260 1095 379 1146 contra
398 1080 507 1165 seire,
524 1093 625 1148 estet
642 1102 701 1147 sus
725 1078 836 1150 facere
854 1104 998 1173 quaeque
1013 1133 1023 1166 ,
1041 1107 1104 1152 nec
1119 1084 1163 1152 nh

91 1194 274 1288 exemplari
299 1190 474 1289 pendere³
503 1210 537 1263 et
557 1198 656 1264 toties
688 1198 860 1288 respicere
886 1196 931 1265 sd
952 1200 1160 1291 magistrum.

92 1316 160 1381 Hoc
173 1312 264 1383 dixit
276 1314 390 1397 Zeno,
411 1312 477 1381 hoc
489 1312 680 1382 Cleanthes.
696 1312 836 1404 Aliquid
852 1314 986 1382 intersit
998 1316 1088 1384 inter
1105 1333 1162 1401 te,
1189 1356 1206 1409 9

92 1446 122 1496 et
138 1424 293 1495 librum!
315 1451 493 1520 quousque
510 1427 646 1497 disces?
660 1428 732 1523 jam
750 1444 785 1497 et
800 1431 961 1523 praeeipe.
984 1430 1079 1523 Quid
1095 1449 1163 1518 est,

94 1568 196 1636 qnare
208 1542 363 1627 audiam,
378 1542 471 1635 quod
483 1543 597 1636 legere
611 1568 748 1637 possum
759 1537 1022 1630 ‘il-Multum,
1038 1548 1165 1640 inquit,

94 1661 165 1726 riva
180 1683 248 1727 vox
276 1658 369 1727 iecit.
388 1662 520 1727 -Non
543 1658 682 1753 quidem
700 1659 792 1742 haec,
819 1686 893 1753 quae
916 1662 1037 1730 alienis
1052 1660 1168 1732 verbis

94 1768 362 1856 commodetur⁵‚
389 1789 422 1845 et
440 1768 607 1845 uetuerii⁶
630 1777 705 1845 vice
722 1776 888 1869 fungitur.
908 1770 1165 1870 Adjiee'nuno,

94 1888 184 1982 qnod
197 1890 273 1972 isti,
294 1892 355 1983 qui
369 1913 541 1983 nunqnam
556 1892 668 1961 tuteloe
683 1897 774 1961 suae⁷
790 1894 878 1962 finnt
891 1944 901 1977 ,
914 1896 1061 1987 primum
1077 1897 1113 1963 iu
1130 1920 1170 1963 eo

95 2032 130 2075 re
144 2024 341 2101 sequuntur
362 2008 516 2100 priores,
544 2010 579 2075 in
597 2032 664 2100 qua
683 2032 783 2078 nemo
803 2034 873 2079 uon
890 2034 912 2079 a
930 2012 1045 2104 priore
1058 2010 1171 2079 desei·

96 2126 142 2191 rit
160 2152 170 2193 ε
191 2123 320 2192 deinde
340 2126 377 2191 in
402 2148 441 2191 ea
459 2148 496 2192 re
519 2141 731 2217 sequuntur,
751 2150 826 2217 quae
843 2127 957 2195 adhue
978 2129 1168 2220 quaeritur3

98 2265 271 2334 nunqnam
285 2256 400 2309 sutem
416 2242 634 2324 invenietur,
651 2242 680 2309 si
699 2244 850 2309 contenti
871 2244 1036 2312 fuerimus
1054 2247 1173 2313 inven·
1199 2277 1226 2311 ιο

100 2358 139 2424 tis
150 2350 179 2423 ⁸.
201 2358 398 2437 Praeterea,
414 2358 475 2447 qui
487 2355 594 2449 olium¹
604 2358 795 2449 sequitur⁹,
812 2357 898 2425 nihil
915 2360 1057 2445 invenit,
1070 2363 1172 2430 immo

100 2494 159 2539 neo
170 2470 357 2561 quaerite
369 2467 466 2561 Quid
480 2471 591 2562 ergo?
608 2494 675 2538 non
690 2471 748 2539 ibo
762 2496 825 2565 per
838 2475 989 2567 priorum
1002 2476 1143 2569 vestigio
1158 2477 1174 2544 l

104 2586 215 2675 -qu
231 2606 314 2653 vero
329 2598 407 2649 uter
422 2581 478 2650 ria
495 2599 633 2669 vetem
650 2584 731 2671 sed,
749 2588 778 2654 si
790 2588 985 2680 propiorem
996 2592 1023 2627 ¹⁰
1036 2588 1171 2682 planio-

134 2858 154 2891 r.
175 2836 334 2901 Existim,
349 2854 404 2888 non
417 2844 497 2903 puto,
516 2836 556 2887 ed.
577 2834 614 2886 R.
695 2832 719 2882 ⁵.
734 2828 764 2878 V
761 2829 830 2883 eret:
846 2832 1033 2882 commodetur.
1048 2830 1172 2883 Gruterus

101 2937 156 2969 eun
169 2936 217 2969 ms.
227 2916 254 2967 b.
266 2928 290 2967 et
302 2916 397 2987 Opsop.
413 2927 437 2966 et
449 2913 522 2966 Grut.
531 2912 614 2968 Sele.
663 2928 676 2961 e
689 2908 762 2961 codd.
770 2908 821 2961 suis
832 2927 884 2960 uns
893 2927 952 2959 enm
962 2908 1053 2960 Medio
1065 2908 1172 2961 reduxit.

133 3014 155 3046 a.
169 2996 270 3045 Autem
281 2990 377 3045 adscivi
388 3010 417 3043 ex
431 2990 505 3045 codd.
518 2992 614 3062 Opsop.
662 2988 762 3040 Antea:
774 2982 1109 3039 v.c0'mmen‹tatue.1tutt.

104 3084 126 3124 et
133 3070 207 3123 Grut.
213 3070 301 3123 Enim
310 3082 362 3123 ent
372 3070 399 3122 in
412 3070 451 3123 ed.
464 3070 499 3123 Il.
508 3070 614 3142 Abiere·
695 3065 719 3117 6.
731 3068 862 3119 Attuarii.
874 3066 910 3117 tu
922 3064 1047 3131 dicuntur,
1059 3064 1103 3135 qui
1117 3077 1171 3117 acta

103 3162 137 3201 rat
147 3148 300 3221 particulam
310 3148 408 3202 Erum.
418 3167 476 3201 enm
488 3148 529 3201 ed.
540 3151 575 3203 A.
590 3160 614 3202 et
663 3144 790 3216 excipiunt
802 3156 826 3195 et
836 3142 956 3194 scribunt.
966 3142 1034 3195 Vide
1054 3140 1121 3215 lips.
1140 3142 1171 3193 ad

104 3246 218 3281 mone
232 3224 384 3297 sicquidem
399 3225 563 3281 malmSclur.
662 3222 740 3275 Tacit.
763 3219 856 3273 Annal.
882 3222 922 3285 V,
950 3221 973 3285 4.
998 3220 1110 3272 Exeursu
1141 3222 1171 3270 A.

133 3304 156 3355 λ
179 3306 227 3357 At,
251 3308 404 3372 exemplari
421 3306 541 3373 pendere.
567 3304 616 3356 Ad
662 3300 736 3351 Tum.
749 3298 827 3372 ll,p.
837 3297 886 3350 532
898 3318 935 3368 sq.
946 3295 977 3348 ed
997 3294 1140 3349 ErnestR.

102 3388 356 3453 exemplarpendere
367 3404 414 3437 ms.
426 3386 451 3437 b.
463 3384 542 3437 Sele.
695 3396 720 3447 7.
738 3376 885 3446 Nunquam
896 3380 983 3427 tuteloe
993 3392 1064 3440 ενα,
1077 3374 1094 3425 ἰ.
1112 3372 1173 3428 alie·

132 3465 155 3527 4.
168 3462 248 3533 Quid
254 3468 318 3515 esi...
327 3463 402 3529 quod
410 3464 489 3531 legere
496 3480 613 3529 possum,
663 3454 690 3506 nl
703 3474 800 3527 temper
808 3454 905 3505 arbitrii
914 3492 921 3519 ,
936 3465 964 3505 ul
974 3452 1072 3529 pupilli·
1083 3450 1173 3504 [luitis.

106 3544 166 3593 Ante
182 3543 273 3611 qnid,
295 3552 341 3592 etc.
360 3539 505 3613 Schweigh.
526 3538 614 3592 inserit
696 3534 720 3587 8.
737 3534 914 3601 Nunquam....
926 3536 1043 3584 munos.
1065 3530 1174 3582 Necesse

103 3619 267 3693 separationis
289 3632 437 3682 notam-,
461 3618 532 3688 quasi
555 3630 618 3671 esset
666 3625 701 3665 ert
712 3631 771 3663 sane
783 3610 930 3681 posteriores
944 3608 1068 3682 prioribus
1079 3608 1173 3673 inniti,

106 3698 210 3769 obieetio
225 3714 233 3758 ;
244 3708 270 3748 at
282 3696 385 3748 cuilibet
396 3706 476 3747 totum
487 3696 571 3749 locum
584 3708 617 3747 at·
665 3690 708 3743 sed
720 3703 746 3742 ut
759 3710 825 3741 nora
837 3689 884 3761 ipsi
896 3694 1029 3761 prol'erant.
1075 3762 1080 3773 Ι

108 3790 167 3830 terte
179 3776 279 3849 legenti
295 3776 353 3827 satis
371 3774 463 3849 patebit
479 3775 532 3829 lraec
552 3776 617 3827 nihil
699 3790 721 3839 9·
736 3766 793 3836 Qui
807 3770 892 3819 olium
909 3770 1031 3834 sequitur.
1053 3764 1096 3815 Sic
1108 3774 1174 3814 recte

109 3854 170 3905 alind
183 3874 238 3906 esse
250 3852 301 3903 nisi
315 3852 510 3926 precedentium
523 3852 616 3906 confir·
666 3846 798 3897 Muretus:
811 3863 941 3917 perperam
964 3846 1010 3910 qui
1028 3842 1105 3893 aliud
1123 3859 1175 3909 seq.

109 3932 241 3983 mationem
253 3949 261 3981 ε
274 3930 404 4004 exprobrat
417 3930 619 3983 auetorinsulsi·
667 3923 724 3975 edd
740 3934 802 3973 vett.
821 3940 878 3973 tum
899 3920 988 3973 mastit-
1009 3919 1061 3971 Sed
1081 3929 1175 3969 temere

108 4021 177 4061 tatem
191 4028 281 4061 eornm
294 4008 338 4081 qui
351 4008 528 4080 magistrorum
541 4006 616 4061 verba
665 4001 732 4053 idem
751 4001 845 4053 Mutet
865 3998 917 4049 duo
935 3996 1010 4047 verba
1033 3994 1174 4064 adjecerat,

110 4100 223 4159 perpetuo
236 4086 356 4149 recitant,
368 4085 478 4160 perinde
490 4106 518 4139 ac
531 4088 551 4139 si
564 4106 616 4139 non
665 4077 733 4131 ΝἹΙΙΊ
743 4079 867 4144 “W'fflfv
881 4074 947 4126 ”llll
955 4078 1003 4126 511⁰·
1021 4072 1101 4126 Scit*
1131 4152 1137 4163 Ι

111 4164 155 4235 legi
163 4176 262 4235 possent
270 4162 297 4217 in
309 4164 388 4217 libris.
396 4162 512 4234 Sequens
522 4163 616 4237 phrasis
701 4176 736 4209 ιο,
752 4156 913 4224 Propiorem·
926 4152 970 4208 sie
980 4152 1019 4205 ed.
1029 4152 1098 4204 Mur.
1108 4153 1176 4224 laps.

111 4241 216 4313 objectio
228 4254 274 4294 est.
666 4248 690 4287 et
704 4234 788 4287 Gron.
798 4254 829 4295 es
845 4234 875 4285 P.
888 4232 966 4284 Fabri
977 4230 1084 4301 conjert.
1100 4248 1177 4301 quam

224 4338 284 4407 ΠΙ,
990 4327 1033 4395 16
