2975 4992
331 391 397 457 260
617 388 658 455 L.
685 388 862 457 ANNAEI
887 389 1108 458 SENECAE

331 533 421 585 tuam
441 518 591 609 accipio,
615 532 655 583 ut
672 521 760 585 u0n¹
787 519 943 610 protinus
958 542 1027 587 nna
1045 521 1162 588 simus.
1183 520 1219 588 Si
1236 521 1397 614 imagines

329 632 428 699 nobis
438 630 622 698 amicorum
635 629 825 725 absentium
834 630 995 723 jncundae
1008 648 1105 718 sunt,
1116 655 1191 723 qnae
1206 635 1396 702 memoriam

329 763 515 833 renovant,
530 762 565 815 et
574 745 783 815 desiderium
792 747 952 814 ahsentiae
966 746 1161 839 ialsoatque
1176 749 1270 815 inani
1283 748 1398 817 solatio

329 866 461 948 levant3
478 879 604 955 quanto
616 861 842 955 jucundiores
861 878 939 931 sunt
955 863 1097 947 littereas
1118 887 1192 954 quae
1208 888 1289 932 vera
1301 868 1396 932 amici

328 981 480 1049 absentis
504 980 671 1073 vestigia,
698 1002 797 1047 veras
819 995 915 1047 notas
936 978 1108 1048 afferunt?
1123 981 1230 1061 Nam,
1256 978 1348 1071 quod
1364 983 1398 1046 in

328 1112 513 1191 conspectu
523 1094 756 1164 dulcissimum
773 1110 824 1162 est
833 1100 861 1180 ²,
878 1094 914 1163 id
926 1096 1026 1164 amici
1041 1118 1160 1165 manus
1173 1097 1325 1190 epistoiae
1337 1098 1399 1163 im·

327 1238 443 1309 pressa
459 1228 611 1306 praestat,
633 1233 835 1306 agnoscere.

290 1370 303 1399 η
378 1330 520 1401 Audisse
537 1347 587 1413 te,
605 1331 745 1411 scribis,
762 1331 980 1423 Serapionem
994 1330 1241 1423 philosophum
1252 1328 1263 1366 ³
1275 1380 1286 1415 ‚
1299 1357 1397 1423 quum

329 1448 416 1513 istuc
428 1444 666 1538 applicuissem
680 1443 790 1512 solere
800 1467 922 1538 magno
932 1467 1033 1511 cursu
1044 1443 1147 1511 verba
1162 1439 1396 1525 ‘convolvere

330 1587 404 1654 quae
419 1586 488 1629 non
501 1558 645 1628 effundit
655 1552 681 1640 ⁵,
699 1560 801 1627 immo
814 1563 937 1651 premit
949 1577 984 1627 et
997 1577 1115 1653 urget3
1131 1562 1231 1654 plura
1241 1564 1333 1629 enim
1345 1586 1401 1628 ve-

331 1681 449 1760 aiunt,
472 1699 574 1769 quam
592 1675 717 1769 quibus
732 1700 801 1742 una
818 1699 881 1743 vox
897 1675 1055 1743 sufficiat.
1073 1679 1146 1745 Hoc
1161 1702 1229 1745 nou
1245 1678 1352 1770 probo
1367 1680 1399 1743 in

331 1794 552 1887 philosopho,
567 1792 665 1884 cujus
677 1790 910 1883 pronuntiatio
924 1815 1082 1883 qnoque,
1095 1794 1182 1860 siout
1198 1794 1287 1875 vita,
1304 1792 1400 1860 debet

290 1932 305 1983 s
332 1936 406 1980 esse
425 1911 609 2003 composita
632 1909 744 1976 :nihil
765 1923 877 1976 antem
897 1907 1087 1976 ordinatum
1107 1925 1178 1991 est,
1200 1910 1294 2001 quod
1312 1935 1400 2003 prae-

332 2028 493 2121 cipitatur
516 2043 551 2095 et
574 2040 749 2120 properat.
774 2027 893 2115 Itaque
907 2024 1014 2091 oratio
1032 2024 1091 2093 ilia
1108 2026 1201 2118 apud
1219 2030 1399 2095 Homerum

331 2146 517 2230 concitata,
537 2158 571 2212 et
587 2144 661 2210 sine
679 2142 928 2210 intermissione
943 2140 979 2208 iu
997 2164 1124 2209 morem
1138 2144 1227 2211 nivis
1237 2168 1399 2237 superve-

365 2402 387 2442 t.
402 2382 440 2444 Ut
455 2410 513 2443 non.
534 2387 608 2459 Quin
620 2407 686 2441 unns
698 2397 783 2439 noster
799 2406 845 2438 ms.
928 2383 951 2449 l,
965 2384 1051 2437 Verba
1062 2388 1213 2439 conooioere.
1224 2386 1273 2441 sie
1282 2389 1402 2441 eildinrie

331 2465 355 2520 b.
367 2468 500 2521 commode
511 2504 518 2531 ,
529 2466 573 2519 sed
584 2485 612 2518 ex
623 2465 730 2519 scholio.
741 2466 773 2517 Et
782 2464 846 2517 alibi
895 2464 925 2515 ab
938 2465 1043 2517 Erasmo
1054 2503 1062 2529 ,
1076 2485 1104 2516 ex
1117 2467 1193 2536 ipsius
1204 2468 1312 2539 quidem
1323 2472 1402 2543 (puto)

332 2543 403 2595 istam
416 2543 570 2607 formulam,
583 2554 695 2607 estnon,
708 2562 754 2616 pro
767 2548 847 2611 quin,
895 2542 1019 2614 ingenio,
1032 2543 1075 2593 sed
1089 2556 1173 2597 reete:
1186 2564 1262 2605 nam,
1275 2546 1347 2617 qnod
1364 2550 1402 2600 ed.

286 2628 289 2637 '
331 2633 397 2673 amat
409 2620 505 2673 Seneca
516 2620 600 2673 :velut
615 2619 694 2693 Epist
709 2634 782 2671 xctv.
796 2619 846 2671 Ubi
895 2620 931 2671 R.
942 2634 967 2673 et
980 2624 1015 2673 A.
1029 2640 1087 2673 eum
1102 2624 1183 2675 mssris
1200 2624 1311 2689 dabat,
1330 2630 1403 2679 verba

332 2712 400 2751 tenet
412 2710 441 2751 ut
451 2718 501 2751 non
511 2711 582 2751 vetus
594 2710 678 2749 noster
687 2698 743 2749 eod.
753 2716 844 2750 meum
894 2702 1045 2760 convellere,
1066 2700 1093 2751 id
1113 2698 1211 2772 prorsus
1228 2703 1262 2756 ab
1282 2703 1331 2756 hoe
1350 2704 1403 2756 iore

333 2778 373 2829 ed.
383 2778 418 2831 lt.
428 2777 471 2831 sed
485 2798 530 2831 ms.
540 2798 561 2831 e.
572 2796 630 2831 cum
642 2776 681 2829 ed.
691 2780 726 2831 Α.
738 2781 793 2829 nisi
801 2774 846 2830 he-
895 2776 1007 2829 alienum
1028 2777 1143 2840 videturg
1164 2800 1212 2832 nee
1229 2782 1281 2834 huc
1299 2783 1358 2834 iacit
1380 2784 1404 2834 id

332 2857 374 2907 bet
387 2894 394 2921 ,
408 2876 437 2907 ex
448 2855 552 2909 scholio.
565 2854 648 2907 Schw.
895 2856 965 2926 quod
980 2855 1039 2907 dein
1051 2856 1078 2907 in
1097 2856 1186 2909 eadem
1203 2857 1253 2909 bae
1266 2859 1314 2933 Ep.
1325 2860 1341 2928 §
1356 2878 1403 2918 ro,

366 2953 389 2983 a.
409 2934 443 2983 In
456 2942 588 3001 conspectu
602 2934 785 2986 dulcissimum
797 2941 843 2985 est·
895 2935 927 2987 de
938 2934 989 2987 aiio
1007 2935 1110 2987 homine
1120 2951 1291 3003 memoratur,
1305 2943 1406 3007 singula

333 3010 844 3083 Nempe,agnosrere.ltaquedistinctione
893 3017 974 3068 verba
987 3017 1103 3069 vellem·
1115 3016 1339 3071 Seleu-Some..
1356 3039 1407 3070 oon·

333 3110 380 3161 ego
406 3086 468 3161 juvi.
494 3089 565 3141 Sicut
588 3089 667 3140 oeulis
695 3103 843 3162 presentem
894 3098 991 3147 solvere
1007 3093 1026 3144 i.
1040 3114 1061 3146 e.
1082 3092 1136 3145 sine
1155 3095 1254 3148 deiectu
1266 3110 1294 3149 et
1309 3094 1407 3147 reioris·

333 3167 506 3241 agnoscimus,
516 3168 552 3219 sie
562 3166 688 3219 absentem
699 3188 726 3218 ex
738 3166 844 3241 impres·
893 3170 955 3221 sime
964 3170 1039 3223 verba
1049 3172 1221 3243 pronuntiare.
1231 3173 1300 3241 SieS
1315 3175 1341 3236 6,
1349 3172 1406 3223 tales

239 3303 243 3311 Ι
334 3264 360 3297 sa
372 3264 459 3298 manu.
475 3245 587 3313 lipsius.
895 3246 1031 3299 verborum
1039 3248 1093 3298 sine
1102 3247 1199 3301 delectu
1207 3252 1340 3303 ruentium
1349 3265 1406 3301 stre·

367 3320 390 3375 3.
404 3322 570 3390 Serapionem
579 3321 772 3389 philosophum.
781 3322 847 3391 Quis
896 3324 969 3397 pitus.
984 3321 1072 3374 Ruit.

334 3400 534 3475 philosophaster
542 3399 585 3451 iile
593 3400 678 3462 fuerit,
686 3401 784 3452 neseio:
798 3401 846 3452 uisi
929 3405 953 3453 5.
972 3401 1039 3471 Qnre
1052 3421 1101 3453 non
1113 3399 1226 3474 effundit
1237 3439 1244 3464 ,
1257 3408 1343 3455 ιἠνηο
1352 3424 1407 3471 ρη-

334 3477 403 3545 quod
415 3476 461 3526 illo
476 3488 500 3526 et
517 3476 633 3546 sequenti
649 3494 704 3527 aevo
723 3478 783 3529 tales
796 3478 847 3528 snei
895 3484 950 3531 mir.
964 3480 1071 3533 Variant
1083 3482 1148 3533 libri.
1158 3482 1227 3552 Qnoe
1237 3502 1291 3534 non
1300 3482 1409 3553 effundit

334 3553 416 3605 inuiti.
429 3552 599 3605 L.-····l⁴'abrie.
612 3554 640 3604 in
651 3553 719 3604 Bibt.
733 3554 779 3605 Gr.
788 3554 846 3605 vot.
897 3578 950 3609 nnn
965 3578 1020 3610 vox
1031 3560 1080 3610 sed
1084 3564 1181 3625 premit
1196 3558 1234 3609 ed.
1251 3556 1288 3609 R.
1304 3560 1379 3631 idque
1396 3582 1408 3609 a

335 3632 391 3693 ltl,
405 3652 431 3703 p.
443 3634 490 3695 575
503 3644 556 3683 not.
570 3644 598 3683 tt.
609 3630 776 3701 Serapionem
787 3630 847 3681 liie·
898 3633 970 3685 Pine.
983 3647 1006 3684 et
1018 3636 1091 3685 Grut.
1101 3634 1307 3687 commendatum
1320 3638 1409 3707 recepit

334 3710 518 3783 rapoiitanum.
529 3730 542 3760 a
554 3708 682 3780 Stephano
695 3708 793 3780 Byr-iu
805 3728 848 3761 vo·
896 3710 983 3762 nunt.
1000 3710 1069 3778 Quoe
1081 3730 1133 3762 non
1150 3711 1264 3781 essisndit
1281 3732 1337 3764 ona
1355 3732 1411 3763 voce

335 3808 363 3840 ee
376 3776 505 3855 irpimi25
517 3799 699 3848 memoratum,
713 3785 781 3837 hunc
796 3806 847 3837 esse
897 3790 947 3839 sed
952 3791 1048 3855 preterit
1059 3786 1100 3840 ed.
1109 3790 1145 3839 A.
1155 3801 1180 3839 et
1191 3809 1237 3839 ms.
1247 3810 1269 3843 c.
1287 3790 1410 3860 Quoenon

334 3877 420 3939 putat,
431 3862 731 3935 philosophumstoieum.
745 3864 784 3922 De
794 3864 850 3918 So·-
896 3865 1073 3936 essundr'tune
1085 3904 1093 3930 ,
1107 3868 1155 3918 sed
1162 3878 1259 3934 premi!
1279 3890 1328 3921 ms.
1343 3869 1369 3921 b.
1389 3882 1411 3919 et

336 3942 474 4016 phisterum
482 3940 726 4013 peregrinationibus
733 3939 791 3992 vide
800 3943 849 3993 tiu·
898 3946 937 3998 ed.
950 3938 1224 4018 Erasm.aiioeqneante
1237 3951 1323 4004 Ruht.
1333 3952 1412 4004 Nobis

334 4020 533 4076 eiSoruniumc.
547 4030 612 4087 mi
619 4040 700 4089 quem
712 4020 747 4072 ibi
758 4021 847 4074 inretiat
897 4022 963 4075 istud
976 4024 1084 4096 piaeuit,
1098 4026 1168 4097 qnod
1186 4028 1213 4078 in
1230 4030 1412 4081 vetustioribus

336 4096 445 4149 Salanus
456 4135 462 4158 ‚
475 4096 617 4151 Cresoiiuni
631 4102 659 4149 a.
671 4096 703 4147 G.
716 4096 736 4147 X
747 4136 755 4165 ‚
765 4099 803 4166 87.
812 4099 847 4150 R.
899 4100 1016 4177 Pineieni
1028 4101 1099 4157 libris
1109 4105 1339 4179 legebatur.Sdtw.
