2975 4992
378 488 649 563 nmsrona
672 428 862 559 nxxrv.
1086 486 1155 581 489

99 630 149 698 ills
162 624 319 720 quidem,
335 624 462 718 quibus
478 622 656 717 gloriatur,
673 621 823 691 libenter
836 622 928 690 facit.
948 622 983 691 Si
998 642 1079 689 vero
1097 618 1158 689 sli-
1181 624 1213 683 ³2

97 743 179 839 quod
190 746 331 813 timetur
340 741 484 823 melum,
505 725 547 809 eo
565 737 728 833 perinde,
748 738 829 807 dum
848 753 1040 833 exspectat,
1060 736 1157 829 quasi

97 862 232 929 venisset
255 874 421 952 urgetur,
446 873 502 941 et,
524 854 696 951 quidquid
713 878 758 923 ne
782 857 931 949 patiatur
948 856 1062 939 timet,
1085 854 1156 945 jam
1185 910 1193 917 .
1256 876 1260 885 ’

97 994 178 1046 metu
212 978 355 1071 patitur.
384 971 678 1065 Quemadmodum
707 974 744 1040 in
776 974 975 1067 corporibus
1012 972 1158 1041 infirmis

96 1091 284 1185 languorem
306 1088 404 1180 signa
431 1090 686 1181 praecurmnt¹3
709 1084 864 1178 quedam
895 1086 985 1156 enim
1012 1084 1159 1179 segnitia

96 1207 199 1275 nervis
216 1221 289 1287 est,
307 1220 344 1273 et
360 1205 434 1273 sine
454 1202 570 1272 labore
584 1202 654 1271 ullo
672 1202 857 1287 lassitudo,
880 1219 914 1271 et
931 1203 1102 1283 oscitatio,
1124 1215 1158 1269 et

96 1322 208 1389 horror
219 1318 375 1388 membra
390 1340 596 1413 percurrens
611 1338 620 1383 ε
639 1318 689 1385 sie
710 1317 867 1385 infirmus
880 1317 1032 1397 animus,
1053 1316 1161 1385 multo

94 1454 183 1523 ante,
204 1460 308 1529 quam
327 1436 543 1529 opprimatur
557 1432 672 1514 malis,
690 1432 860 1523 quatimr3
882 1432 1056 1525 presumit
1077 1431 1155 1521 illa,

96 1568 125 1619 et
139 1567 215 1618 ante
226 1566 363 1642 tempus
377 1547 481 1635 eadit,
497 1544 593 1639 Quid
606 1562 719 1615 autem
737 1545 947 1628 dementius,
963 1570 1064 1640 quam
1077 1547 1158 1641 angi
1183 1584 1215 1637 33

94 1666 241 1750 suturis²,
256 1690 323 1735 nec
334 1690 372 1735 se
384 1678 552 1733 tormento
561 1684 751 1741 reservare,
763 1661 825 1731 sed
834 1685 1007 1731 arcessere
1019 1662 1085 1730 sibi
1099 1664 1160 1730 mi-

95 1779 190 1851 serias
198 1798 233 1851 et
242 1783 447 1864 adtnorere,
461 1804 546 1874 quas
555 1778 694 1848 differre
704 1779 866 1873 optimum
877 1794 941 1862 est,
951 1780 978 1847 si
989 1778 1161 1849 discutere

95 1922 155 1967 non
167 1897 303 1991 possis?
314 1898 375 1965 Vis
388 1898 491 1979 scire,
508 1895 622 1964 tuturo
635 1886 829 1961 neminem³
850 1892 1011 1984 [debere]
1026 1908 1162 1986 torque-

96 2010 144 2083 ri?
164 2013 386 2106 Quicumque
410 2012 576 2097 audierit,
599 2024 677 2104 post
692 2010 1011 2103 quinquagesimum
1034 2032 1162 2078 annum

95 2127 153 2195 sibi
165 2127 330 2221 patienda
343 2126 511 2221 supplicia
520 2175 531 2210 ,
547 2148 615 2193 uon
628 2123 868 2218 perturbatur,
886 2126 952 2192 nisi
972 2125 1001 2193 si
1013 2126 1163 2194 medium

94 2246 229 2338 spatium
244 2244 466 2327 transilierit,
489 2259 524 2310 et
542 2264 579 2311 se
599 2240 740 2309 inillam
761 2242 884 2309 saeculo
900 2256 975 2335 post
989 2236 1002 2285 ⁴
1015 2242 1161 2311 futuram

94 2360 353 2431 sollicitudinem
376 2358 566 2429 immiserit.
590 2357 717 2427 Eodem
741 2350 947 2443 modo⁵s1t,
978 2376 1016 2426 ut
1032 2361 1163 2427 animos

94 2478 235 2549 libenter
247 2501 379 2571 aegros,
400 2493 436 2547 et
446 2490 624 2569 captantes
636 2497 754 2545 musas
767 2473 910 2559 doloris,
932 2490 1045 2545 vetera
1058 2493 1160 2569 atque

94 2764 173 2823 putet,
196 2772 340 2824 omnaque
359 2750 492 2805 arbitretur
512 2744 601 2799 mirari
647 2746 721 2799 uncia
731 2747 831 2800 inclusi.
843 2748 925 2800 lmmo
938 2768 997 2801 veru
1007 2768 1107 2821 prorsus
1116 2751 1162 2803 de·

94 2842 181 2899 quanto
198 2851 289 2885 amore
309 2829 429 2885 dilexerit
445 2827 519 2891 illos,
537 2844 601 2897 quos
648 2825 695 2879 leri
706 2824 809 2890 debuit,
822 2846 851 2879 ea
863 2826 950 2899 inepto
957 2826 1054 2879 scholio
1065 2840 1162 2880 natum.

93 2919 156 2961 tanto
166 2910 232 2963 fletu
244 2909 412 2983 prosequitur.
648 2900 732 2955 Sctm

124 3006 144 3039 r.
154 2987 191 3040 Ira
200 2988 351 3057 corporibus
361 2987 477 3055 irfinnis
486 2988 601 3054 languo-
682 2984 705 3048 4.
716 2981 754 3034 Ira
769 2984 846 3035 illam
861 2985 955 3036 roeculo
964 2984 1163 3053 postfuturum.

93 3082 142 3117 rem
153 3069 233 3135 signa
243 3074 416 3131 praearmat.
431 3063 476 3117 Sic
484 3075 549 3115 recte
560 3061 601 3114 ed.
649 3062 719 3134 Ergo
732 3065 856 3115 saeculum
873 3063 914 3117 hie
926 3085 970 3135 pro
980 3084 1048 3116 anno
1058 3067 1165 3132 trigesi-

94 3144 125 3194 A.
134 3155 157 3195 et
166 3146 236 3197 Ven.
244 3162 302 3195 eum
313 3162 360 3195 ms.
370 3144 433 3213 Arg.
441 3162 461 3195 c.
473 3154 497 3194 et
506 3140 564 3193 Par.
573 3159 600 3191 a.
649 3160 694 3191 mo
709 3140 823 3207 circiter,
835 3140 856 3194 si
872 3163 929 3195 vere
943 3143 1018 3197 lectio
1035 3144 1066 3197 de
1083 3144 1166 3211 quin-

93 3222 190 3289 quein
209 3214 274 3276 aliis
285 3219 357 3272 vario
379 3219 458 3271 modo
477 3229 603 3290 compta.
651 3225 803 3291 pauperimo
816 3234 894 3280 anno.
907 3223 1165 3297 lips-bipedem-

94 3299 208 3371 Speciosa
220 3295 326 3370 quidem
339 3294 420 3349 videri
430 3308 526 3369 poterat
535 3295 602 3349 edita
651 3299 745 3369 jecturs
770 3300 876 3352 minime
904 3301 1040 3354 necesssria
1061 3315 1119 3369 est,
1144 3302 1164 3353 si

93 3375 149 3428 inde
159 3376 191 3429 ab
202 3376 304 3429 Erasrm
318 3373 454 3446 scriptura,
468 3392 524 3445 quae
539 3385 563 3426 et
574 3372 601 3424 in
640 3389 731 3431 'totum
751 3378 835 3430 locum
852 3378 888 3431 sic
906 3379 1074 3453 interpreteris
1091 3398 1097 3431 ε
1112 3378 1163 3447 Qui

93 3474 148 3507 mss.
161 3454 216 3507 Pal.
228 3466 319 3525 quarto
330 3454 478 3514 servsta,in
489 3450 602 3521 corpse-
652 3454 773 3517 audierit,
791 3468 836 3509 etc.
852 3494 860 3517 ,
876 3455 982 3509 minime
1003 3456 1030 3509 in
1049 3456 1165 3528 presenti

94 3534 143 3583 turi
151 3534 289 3600 languoris
301 3532 387 3599 sipia.
401 3528 484 3583 &toa
652 3534 822 3607 perturbatur,
832 3534 881 3586 nisi
890 3535 1002 3589 medium
1014 3536 1134 3606 spatium,
1147 3534 1165 3587 i.

123 3627 145 3661 a.
159 3608 433 3680 Quid..etememtus,
448 3624 530 3674 quam
541 3607 609 3673 θῆρ’
652 3634 675 3666 e.
685 3612 862 3686 interpositum
873 3612 1035 3667 intervallum
1047 3616 1120 3680 (non,
1128 3612 1166 3665 di-

84 3685 192 3752 solutis·
209 3683 331 3737 Horatius
347 3681 375 3733 ln
392 3681 478 3734 mollit
491 3680 551 3733 l⁰⁰l¹
564 3680 605 3732 tl·
652 3690 759 3742 rnidiam
772 3692 885 3761 partem)
903 3682 992 3742 mente
1005 3690 1164 3749 transiliens.

94 3762 161 3814 milia
175 3760 301 3834 praeripit,
313 3762 342 3812 in
354 3760 443 3833 primis
457 3759 501 3812 llb-
512 3760 542 3826 l,
552 3758 604 3811 01¹·
652 3766 726 3820 illurn
734 3766 848 3819 dolorem
859 3766 903 3838 qui
912 3787 964 3819 non
973 3767 1121 3821 nisisseculo
1132 3768 1165 3832 (i.

94 3856 121 3891 xt
132 3878 140 3904 ,
152 3842 186 3892 ad
196 3840 350 3891 Leuconoen
363 3855 371 3890 t
384 3860 397 3885 st
406 3838 447 3891 Tu
460 3858 493 3891 ue
501 3836 607 3907 (1le-
655 3866 677 3899 e.
689 3844 768 3917 longo
780 3858 835 3918 post
853 3852 982 3919 tempore)
997 3850 1094 3899 futurus
1112 3858 1164 3909 est,

95 3916 205 3982 ria,scire
213 3917 376 3986 netas,quem
386 3916 462 3981 mihi,
473 3934 550 3986 quem
558 3914 604 3967 tibi
653 3933 721 3974 metu
732 3922 861 3991 anticipet.
871 3922 956 3990 Quam
966 3924 1067 3994 interpr.
1075 3920 1166 3975 confir·

93 3994 184 4046 Finem
190 3993 228 4047 dii
235 3992 382 4046 dederint»
391 3993 490 4045 Etatibi
499 4010 506 4044 ε
515 3993 603 4063 «Quid
652 4000 870 4069 mantsoqncntia,
879 4000 1001 4071 inquibus
1009 4000 1166 4073 deiisagitur

94 4072 123 4124 sit
131 4076 244 4127 futurum
255 4094 311 4126 cras
320 4076 378 4145 luge
390 4092 511 4145 quaerere.
518 4095 532 4120 »
652 4078 696 4149 qui
709 4098 734 4129 se
744 4079 869 4131 malornm
879 4080 1001 4132 memoria
1010 4082 1166 4133 contristent.

124 4150 149 4203 3.
162 4151 266 4204 Futuro
277 4156 405 4205 neminem
417 4154 532 4221 [debere]
545 4164 603 4205 tor-
685 4159 707 4207 5.
720 4154 822 4207 Eodem
835 4160 919 4210 rrrodo.
937 4158 985 4211 lnt.
1002 4160 1089 4211 eadem
1112 4158 1166 4211 irn-

94 4229 293 4295 quertvertum
301 4230 406 4297 debere,
416 4244 441 4283 ut
450 4243 601 4305 suspectum,
652 4232 801 4301 berillitate,
815 4236 933 4303 stultitia,
946 4237 1042 4290 accidit.
