2975 4992
371 436 632 512 etts'rons
654 436 883 507 cxxvm.
1095 437 1165 525 519,w

114 670 1159 715 W

324 852 638 943 EPISTOLA
667 850 937 942 LXXVIII..

563 1059 693 1086 -uem

361 1282 435 1323 tto!
451 1282 630 1323 ΤΙΙΙΙΜᾺ
647 1282 726 1323 lu!
746 1282 895 1323 nonnos..

136 1401 219 1454 dusios
234 1400 351 1471 querenti
374 1402 404 1454 de
421 1399 627 1456 distillationibus
642 1403 734 1457 crebris
753 1420 781 1457 tc
799 1400 943 1466 fabricatis,
964 1420 990 1455 te
1009 1401 1091 1475 iprum
1109 1400 1159 1453 hoe

109 1484 283 1557 antigenes
305 1484 431 1543 tabem
450 1488 644 1560 mpondet,et
668 1486 793 1558 quusibi
811 1484 1031 1551 solatiarentur,
1051 1485 1158 1560 esponit.

108 1571 210 1622 Fuerunt
227 1578 315 1625 autern
332 1570 412 1623 studia
435 1570 591 1637 litterarum,
611 1570 784 1645 philosophia,
805 1590 862 1643 qun
882 1571 997 1624 animum
1019 1568 1159 1642 erigendo,

107 1653 171 1705 ctiam
189 1654 287 1726 corpori
308 1656 465 1724 profuerunt.
479 1655 581 1708 Deinde
597 1656 735 1709 amicorum
751 1656 854 1708 allectus
867 1674 1050 1725 sermonesque.
1064 1652 1161 1705 Medici

107 1758 147 1809 ope
161 1750 211 1793 non
232 1738 347 1805 melosa,
363 1740 397 1793 ad
415 1751 565 1814 preceptum
578 1740 681 1793 solitum
696 1740 817 1793 revolvit:
828 1752 960 1795 contemne
975 1751 1091 1793 mortem.
1101 1740 1160 1791 Jant

107 1842 176 1891 quum
189 1822 235 1875 tria
251 1822 280 1875 iu
296 1824 370 1877 omui
379 1822 468 1878 morbo
479 1825 566 1897 gravia
575 1824 639 1890 sint¹
651 1839 729 1880 metus
739 1824 843 1889 mortis,
857 1824 929 1877 dolor
940 1822 1067 1897 corporis,
1081 1834 1105 1874 ct
1114 1821 1161 1875 iu-

108 1909 217 1961 terrnissio
227 1909 399 1983 voluptatum,
419 1922 444 1963 et
457 1910 487 1961 de
505 1909 588 1983 priore
605 1909 655 1981 jam
668 1909 726 1961 satis
736 1908 832 1961 dictum
843 1907 890 1974 sit,
904 1908 934 1960 de
945 1906 1048 1978 reliquis
1064 1905 1098 1958 ita
1113 1926 1160 1962 ex·

108 1990 181 2063 ponit,
191 2002 219 2043 ut
227 2010 382 2063 magnorum
396 1993 548 2045 cruciatuum
566 1990 648 2044 morbi
663 1990 730 2043 dicat
742 1988 873 2043 intervalla
884 2009 951 2055 esse,
962 2008 1009 2042 nec
1021 1988 1064 2041 din
1073 1988 1160 2043 sevire

107 2074 216 2127 bissem.
228 2075 290 2143 Qus
300 2074 382 2148 magis
393 2075 559 2148 philosophie
570 2090 593 2130 te
606 2076 720 2136 deduis,
731 2096 763 2130 ao
775 2075 858 2148 magis
874 2094 890 2127 a
906 2074 1017 2147 corporis
1026 2072 1160 2127 ventione

108 2159 308 2235 ctenpiditatibus
320 2173 344 2213 te
356 2161 518 2225 eburneus,
530 2174 604 2231 atque
614 2160 678 2213 adeo
689 2180 703 2211 a
714 2161 822 2229 querelis
833 2172 907 2229 atque
915 2158 1092 2229 opinionibus,
1103 2176 1161 2225 quae
1269 2216 1274 2225 p

107 2242 176 2293 morbi
190 2242 243 2293 vim
255 2262 349 2315 augere
363 2242 454 2295 solent.
465 2244 551 2312 Itaque
562 2256 648 2296 contra
662 2237 777 2296 dolorem
789 2242 937 2296 Iucundum
948 2254 999 2304 est,
1011 2240 1160 2293 athletarum
1214 2294 1217 2301 .

107 2342 165 2377 nore
172 2325 274 2379 :virtute
280 2326 443 2399 premiiloco
451 2326 662 2403 proposita,qund
671 2348 701 2381 eo
709 2326 864 2400 prestantius
870 2340 915 2392 est,
924 2346 976 2397 qno
985 2327 1101 2399 graviora
1109 2345 1160 2397 per·

106 2410 247 2480 psssisinns.
258 2412 319 2481 Qua
327 2411 430 2480 quidem
440 2413 468 2464 ia
477 2432 504 2467 re
511 2412 669 2481 adjuvaberis
675 2412 854 2485 cogitationem
862 2413 892 2465 ad
902 2412 1005 2463 honeste
1012 2411 1161 2465 autlortiter

106 2496 160 2547 lacta
169 2509 222 2559 tna,
233 2508 277 2549 ant
287 2495 397 2550 aliorum
404 2498 546 2551 avertendo.
559 2498 631 2567 Quin
641 2517 688 2551 nec
699 2498 731 2549 eb
741 2496 832 2551 officiis
841 2496 949 2551 abstrahi
958 2496 1024 2548 sines
1034 2495 1158 2561 animum,

106 2578 177 2632 virtuti
188 2580 262 2633 etiam
275 2580 305 2633 in
314 2578 407 2634 lectulo
417 2578 489 2635 locus
503 2594 546 2635 est.
559 2582 616 2635 Nee
626 2580 778 2633 intermissio
789 2581 942 2651 voluptatum
953 2579 1036 2652 gravis
1047 2576 1106 2631 liat:
1117 2576 1159 2629 in-

106 2660 164 2713 hibet
178 2663 247 2716 enim
259 2683 304 2718 eas
315 2662 430 2727 morbus,
441 2684 495 2717 non
507 2666 612 2720 omnino
626 2665 694 2718 tollit
707 2683 715 2718 s
728 2664 834 2734 majores
848 2684 910 2717 vero
920 2674 945 2717 et
954 2664 1068 2717 certiores
1078 2662 1159 2715 volu—

105 2758 171 2817 μω
183 2748 264 2804 sumi
276 2765 359 2805 necno
368 2750 483 2805 medicus
498 2768 567 2825 apro
578 2762 672 2823 negat,
684 2750 764 2822 modo
782 2768 835 2803 nou
850 2768 967 2803 sensnum
979 2746 1158 2802 blandimentis

105 2846 217 2905 occupato.
226 2836 289 2887 Uno
298 2835 377 2887 verbo
387 2855 434 2888 nec
443 2836 495 2888 vita
507 2836 598 2900 tedio,
613 2856 662 2888 nec
675 2854 744 2888 mors
753 2834 842 2888 timori
853 2834 914 2901 erit,
927 2834 949 2887 si
959 2832 1022 2886 fines
1031 2832 1156 2886 honorum

105 2927 125 2966 ct
132 2918 252 2970 malornm
259 2919 464 2990 cognoverimus.

131 2999 246 3053 Ceterum
259 3002 376 3055 couleras
387 3002 517 3055 Ciceronis
528 3003 626 3057 Tuscul
640 3004 777 3077 Disputatt.
794 3002 837 3057 lib.
849 3004 882 3056 1t.
894 3003 939 3073 qni
950 3014 1015 3055 totus
1026 3015 1062 3055 est
1073 3003 1104 3057 de
1114 3014 1158 3055 to-

105 3080 194 3137 lerando
205 3084 303 3139 dolore.
1098 3120 1101 3129 ι

373 3241 484 3279 lum
501 3240 628 3279 subluto
646 3240 702 3277 1ῧο
721 3240 866 3279 mmu-

143 3374 286 3442 Vrranr
303 3393 337 3442 te
349 3372 648 3445 distillationibus¹
668 3372 798 3442 crebris
814 3397 856 3441 ec
872 3358 1065 3457 febriculis,
1081 3398 1156 3465 quae

103 3493 205 3590 longas
230 3496 468 3566 distillationes
492 3514 525 3565 et
551 3496 886 3567 inconsuetudinem
916 3497 1078 3565 adductas
1097 3520 1157 3564 se-

103 3630 264 3702 quuntur,
285 3638 325 3682 eo
343 3614 516 3681 molestius
531 3613 615 3681 mihi
634 3629 702 3692 est,
723 3615 804 3706 quia
823 3630 982 3707 expertus
1000 3638 1073 3683 sum
1092 3614 1157 3682 hoc

130 3866 148 3898 r.
158 3847 389 3903 Dictillotr‘onr'bus.
401 3848 596 3904 stercoretur
645 3847 692 3899 hac
706 3846 779 3920 Ep.§
793 3848 830 3901 18.
843 3847 1156 3902 uindemiarum·-

102 3936 151 3977 rett.
162 3938 186 3979 et
197 3926 268 3980 nrssti
278 3944 285 3979 t
296 3946 430 3997 rutamque
441 3928 598 3979 dtsottario-
644 3926 702 3979 buc.
710 3926 777 3979 Sunt
784 3925 903 3993 catarrhi,
915 3945 935 3978 s.
943 3924 1157 3979 inflammationes

100 4014 152 4066 tter,
168 4016 192 4055 et
203 4004 272 4059 iufra
289 4006 454 4057 distillarem.
470 4004 597 4071 (Confer.
646 4005 909 4069 cntiuminteriornrn,
919 4024 976 4076 quse
986 4005 1102 4059 caritates
1111 4025 1154 4058 ua·

101 4075 266 4151 [pisti-nv,
279 4095 305 4135 et
320 4086 390 4149 cxx).
404 4082 490 4154 Vulgo
502 4085 597 4136 sessu
646 4084 728 4148 rium,
746 4083 814 4145 oris,
836 4084 932 4138 arteriae
953 4096 978 4137 ct
1002 4082 1160 4156 pulmonum

102 4158 217 4218 sddsiade
231 4184 246 4215 a
266 4162 349 4220 Grou-
362 4163 407 4218 sic
417 4182 501 4219 rursus
513 4162 597 4226 intra,
645 4165 783 4242 amisium,
798 4184 850 4219 non
863 4164 1079 4237 sinetnasitqutr.¹
1087 4165 1154 4227 malo
