2975 4992
252 499 260 526 ²
319 472 386 543 588
601 478 641 544 L.
667 473 845 542 ANNAEI
868 474 1084 545 SENECAE

317 619 393 690 tus,
413 626 457 670 ne
477 599 563 671 iilud
584 601 723 695 quidem
740 619 809 686 est,
835 607 954 697 quanti
975 607 1044 674 sint
1067 631 1076 672 r
1097 609 1127 673 si
1152 608 1236 700 ipsis
1258 611 1391 700 permi-

317 723 396 790 sisti
409 721 579 814 incipere,
597 745 675 789 cum
689 723 800 790 causis
815 724 885 790 suis
901 739 1076 807 crescent,
1094 727 1251 816 tantique
1264 744 1386 809 erunt,

317 839 436 933 quanti
455 839 540 907 fient
551 849 575 906 ¹.
598 838 717 930 Adjice
731 863 843 926 nunc,
858 840 952 933 quod
969 842 1052 924 ista,
1074 843 1252 934 quamvis²
1265 845 1390 936 exigua

316 956 406 1039 sint,
442 957 479 1023 in
497 955 605 1047 majus
627 953 795 1023 excedunt
815 982 823 1023 ι
841 979 1015 1047 nunquam
1041 959 1235 1051 perniciosa
1254 976 1391 1029 serrant

317 1067 466 1162 modum.
479 1070 643 1164 Quemvis
654 1071 744 1139 levia
757 1071 855 1140 initio
868 1071 1064 1142 morborum
1077 1091 1236 1166 serpunt3
1252 1089 1288 1142 et
1297 1098 1390 1168 aegrn

317 1211 459 1282 corpore
483 1189 622 1256 minima
653 1185 824 1257 interdum
853 1189 978 1282 mergit
999 1185 1184 1257 arressio³.
1201 1189 1293 1258 Illud
1305 1213 1390 1261 vero

317 1291 413 1400 cujus
433 1305 610 1375 dementire
626 1323 695 1391 est,
726 1305 890 1390 credere,
911 1330 1055 1399 quarum
1072 1331 1187 1377 rerum
1201 1323 1295 1376 extra
1308 1333 1392 1376 nos-

317 1439 407 1491 trum
421 1422 601 1492 arbitrium
616 1425 724 1518 posits
740 1423 911 1517 principio
928 1439 1029 1508 sunt,
1054 1448 1171 1492 earnm
1188 1427 1293 1493 nostri
1313 1449 1392 1493 esec

263 1576 292 1610 rs
316 1538 451 1607 arbitrii
465 1533 668 1608 terminos⁴i
681 1539 862 1631 Quomodo
872 1538 963 1608 adid
978 1541 1167 1609 finiendum
1180 1543 1262 1609 satis
1275 1519 1389 1624 unico,

316 1653 361 1722 nd
378 1655 469 1747 quod
491 1654 744 1756 prohibendum
768 1679 889 1749 parum
913 1655 1031 1725 valui?
1058 1671 1162 1749 quum
1187 1655 1322 1726 facilius
1347 1659 1392 1724 sit

317 1768 517 1858 excludere,
539 1796 639 1863 quam
655 1772 801 1840 admissa
817 1774 1054 1866 comprimere.
1121 1799 1124 1807 ·

364 1881 536 1982 Quidam⁵
556 1891 604 1956 ita
620 1889 864 1972 distinxerunt,
883 1905 922 1957 ut
939 1889 1093 1958 dicerent
1113 1918 1122 1959 ι
1145 1893 1392 1984 «Temperans

316 2029 355 2074 nc
371 2006 522 2098 prudens
531 2006 701 2099 positione
715 2006 854 2099 quidem
868 2008 991 2075 mentis
1004 2024 1038 2076 et
1049 2007 1171 2076 habitu
1185 2009 1394 2101 tranquillus

318 2137 386 2204 est,
403 2137 528 2190 eventu
545 2137 693 2190 nonest.
716 2125 822 2205 Nam,
848 2113 1012 2217 duantum
1027 2125 1071 2192 ad
1091 2124 1248 2195 habitum
1267 2128 1393 2193 mentis

317 2260 405 2322 suae,
425 2262 496 2306 non
514 2237 745 2332 perturbatur,
769 2263 834 2307 nec
856 2241 1087 2326 contristatur,
1110 2265 1176 2310 nec
1193 2243 1310 2327 timet3
1331 2242 1394 2309 sed

318 2353 431 2423 multoe
446 2355 651 2424 extrinsecus
666 2379 774 2423 causae
788 2355 965 2440 incidunt,
991 2381 1065 2449 quae
1083 2357 1137 2425 iili
1152 2357 1396 2452 perturbatio-

265 2481 295 2561 ιβ
319 2494 396 2539 nem
408 2469 564 2539 afferant.
578 2497 595 2536 s
618 2471 703 2540 Tale
718 2470 874 2564 estquod
892 2472 1009 2541 volunt
1027 2472 1142 2541 dicere
1161 2501 1169 2540 ε
1185 2473 1396 2543 iracundum

318 2585 455 2679 quidem
470 2586 565 2654 illum
580 2611 648 2656 non
663 2609 759 2666 esse,
775 2589 877 2656 irasci
893 2602 1007 2656 tamen
1020 2587 1229 2681 aliquand03
1246 2606 1284 2657 et
1295 2591 1398 2658 timi·

318 2703 399 2772 dum
417 2701 554 2797 quidem
573 2727 641 2773 non
660 2727 751 2787 esse,
771 2704 890 2772 timere
903 2721 1016 2772 tamen
1037 2704 1245 2797 aliquand03
1262 2707 1394 2789 idest,

317 2819 401 2886 vitio
425 2819 555 2886 timoris
580 2840 715 2900 carere,
740 2816 865 2884 affectu
887 2841 957 2886 non
979 2841 1110 2886 carere.
1129 2818 1235 2911 Quod
1254 2821 1283 2888 si
1300 2821 1399 2888 rcci-

316 2937 422 3028 pitur,
441 2959 504 3004 usu
520 2935 690 3027 frequenti
708 2935 809 3001 timor
827 2930 1006 3002 transibit⁶
1025 2937 1062 3004 in
1077 2936 1220 3023 vitium3
1238 2952 1274 3005 et
1288 2937 1343 3005 irn
1360 2940 1400 3006 in

318 3050 468 3118 animum
493 3049 638 3116 admissa
663 3047 816 3116 hobitum
842 3046 939 3115 ilium
962 3050 1014 3116 ira
1034 3050 1183 3118 carentis
1205 3052 1313 3118 animi
1336 3076 1401 3119 re·

320 3169 446 3254 tereti.
466 3167 634 3234 Praeterea
644 3213 656 3249 ,
674 3165 702 3231 si
713 3187 782 3231 non
791 3165 977 3232 contemnit
989 3164 1165 3233 venientes
1179 3168 1402 3236 extrinsecus

356 3403 376 3436 ι.
390 3384 494 3436 Tanti...
505 3381 677 3453 quantifient.
691 3381 781 3434 Malim
792 3382 827 3435 ie·
872 3401 943 3450 pour
951 3383 1054 3436 abutere
1063 3403 1100 3435 un
1111 3402 1185 3452 corps
1197 3385 1260 3452 deid
1271 3387 1402 3438 malaue

320 3484 379 3536 gere
389 3473 495 3533 quantu
507 3463 608 3536 (supple
618 3463 731 3530 causa).
746 3461 775 3514 Si
788 3471 827 3514 ta-
908 3463 933 3528 4
947 3463 1028 3526 Cuius
1041 3465 1177 3516 dementia
1190 3473 1250 3530 est,
1263 3465 1401 3517 credere...

319 3563 379 3596 rnen
396 3545 467 3616 vulg.
482 3541 635 3609 terrereris,
655 3543 736 3595 intell.
752 3559 766 3616 τ’
776 3543 827 3594 ΑΙῘ.
875 3542 1036 3593 tenndmss.
1049 3542 1242 3594 eruderemus
1252 3561 1328 3614 posse
1342 3555 1402 3594 ter·

243 3632 246 3637 ’
319 3620 383 3674 tenti
396 3620 827 3693 eruuttestimandiqnontifieripo-
877 3619 978 3671 minum
995 3618 1126 3692 imponere
1140 3619 1172 3671 iis
1188 3638 1302 3689 quornm
1316 3621 1402 3692 prin-

317 3710 416 3764 terunt;
428 3719 482 3752 non
495 3699 626 3764 uiridis,
639 3697 723 3752 seder
738 3697 828 3751 tuturis
878 3698 972 3772 eipinm
985 3711 1095 3749 evertere
1106 3717 1159 3748 non
1175 3696 1330 3770 potuimus?

319 3776 481 3832 incrementis
494 3788 567 3829 erunt
580 3776 731 3830 aestimandi.
911 3780 935 3830 5.
952 3777 1077 3847 Quidam.
1099 3777 1141 3830 Se.
1153 3776 1330 3845 Peripatetici.
1348 3777 1389 3830 R.

352 3853 828 3926 mQuomor'rexifflroAEAaeNulgo
910 3857 935 3909 fi.
956 3857 1103 3922 Tmnsibit,
1117 3869 1142 3909 et
1157 3856 1227 3909 infre
1248 3867 1356 3910 retexet
1373 3877 1405 3909 ex

319 3936 487 4004 quantumvis
497 3936 570 4002 exig.
582 3931 613 3985 eb
622 3933 735 3986 Ernrmo.
747 3931 829 3986 Sedu.
880 3947 939 3986 vett
953 3932 1012 3987 libr.
1028 3935 1124 3987 conexi
1133 3953 1140 3986 :
1149 3933 1228 4006 vulgo
1245 3938 1364 3998 transit,
1380 3950 1406 3988 et

353 4011 376 4064 3.
393 4011 432 4065 Et
453 4031 524 4080 agra
540 4031 645 4081 corpora
658 4014 772 4063 minimo
784 4013 826 4063 in·
877 4014 980 4064 retexit.
995 4011 1075 4064 Schts.

319 4092 421 4143 tertium
433 4093 524 4157 mergit
539 4092 657 4142 accessio.
669 4089 741 4143 Bene
753 4089 829 4140 vertit
912 4109 936 4156 ⁷·
951 4091 1120 4144 Habitum...
1130 4099 1240 4144 retexet.
1258 4091 1353 4145 lnteii.
1370 4094 1404 4144 Ῑιι

320 4165 461 4236 Lngmoge
474 4183 482 4218 ε
494 4166 533 4219 Er
545 4169 703 4238 quelquejor's
718 4172 742 4221 Ie
750 4171 831 4220 moio-
880 4155 1033 4221 e'ontrerium
1043 4179 1120 4220 vertet
1128 4167 1243 4220 habiturn
1253 4169 1342 4223 animi
1354 4173 1405 4237 tui,

322 4246 369 4299 dre
386 4244 575 4300 redoublement
586 4245 635 4315 (de
653 4243 744 4316 fidere)
758 4247 833 4319 suffit
881 4259 907 4300 et
916 4266 976 4300 mex
986 4245 1136 4301 iracundum
1145 4245 1229 4299 feeiet.
