2975 4992
488 446 782 518 PRAEFATIO.
993 511 999 518 .
1134 470 1167 511 rr

93 603 213 654 ctorem
229 591 270 656 alt
286 593 351 654 ullo
369 593 518 677 opinionis
531 605 704 656 commento
720 590 871 674 integrum
886 587 1023 664 docebit,
1036 606 1174 650 noneste

93 699 284 782 episodium,
305 713 356 762 aut
367 700 573 783 'fragmentum
592 713 623 760 ut
638 695 767 760 Hesiodi
783 711 900 760 scotum
911 709 929 758 ¹.

135 802 276 886 Reliquis
292 806 474 889 argumentis
486 826 503 867 a
516 804 568 866 W.
582 805 671 869 docls‘
685 804 828 888 expositis
838 823 900 864 non
912 803 1071 864 immoror.
1083 798 1177 864 Nulla

93 906 179 970 enirn
199 929 299 986 causa⁴
324 924 386 987 est,
412 932 465 973 cnr
486 929 547 972 non
568 910 669 974 omnia
689 930 743 982 ea,
762 930 827 991 qoae
842 907 945 970 adhaec
958 907 1124 972 afferuntur
1138 906 1178 967 ad

94 1034 209 1102 poema
227 1014 302 1077 illud
317 1012 434 1080 Lucilio
468 1016 678 1080 vindicandum
689 1015 721 1076 in
734 1028 858 1100 poetam
872 1014 967 1078 alium
979 1013 1118 1095 quamvis
1131 1031 1177 1074 sc-

99 1120 218 1183 riorem
231 1123 340 1185 cadere
355 1123 478 1206 possint.

137 1224 236 1288 Panlo
260 1227 417 1292 molestior
439 1249 505 1292 esse
523 1229 640 1292 videtur
657 1228 782 1312 quaestio
793 1228 862 1304 illa,
880 1236 972 1310 quam
990 1239 1021 1290 et
1038 1224 1177 1310 Lipsiorn

95 1332 128 1392 in
138 1332 224 1415 prael'.
233 1337 272 1396 ad
279 1333 335 1397 bas
342 1333 496 1420 Epistulas
504 1335 638 1418 attigisse
647 1335 735 1399 vidco
750 1358 758 1396 t
774 1332 929 1419 Epistolas
939 1333 995 1396 ltas
1004 1331 1047 1394 ita
1059 1332 1179 1416 scripsit

96 1449 128 1499 et
144 1437 316 1523 inscripsit,
333 1461 393 1502 non
407 1441 477 1523 qnia
490 1462 570 1503 terre
586 1441 660 1518 sint,
677 1455 708 1504 et
721 1442 841 1504 assidue
854 1440 973 1502 missae:
989 1459 1050 1500 non
1062 1459 1120 1522 ego
1130 1458 1178 1500 ar-

96 1543 216 1608 bitror:
230 1547 282 1610 sed
293 1547 407 1631 placuit
416 1560 446 1609 et
459 1547 536 1610 ratio
551 1547 701 1611 scribendi
714 1547 833 1624 libera,
847 1547 879 1608 in
897 1567 956 1628 qua
970 1545 1114 1629 incipias,
1128 1546 1179 1606 de-

96 1650 178 1712 sinas
196 1673 290 1732 qoum
304 1653 408 1728 lubet3
424 1654 557 1732 inseras,
574 1656 688 1732 varies,
703 1667 737 1716 ut
753 1653 854 1724 lubet;
870 1673 967 1734 neque
985 1650 1179 1735 adstringeris

96 1759 136 1818 ad
152 1759 294 1820 ordinem
311 1772 364 1820 aut
377 1761 537 1824 materiem
551 1774 679 1842 ‚certam
700 1760 759 1826 Cui
774 1759 885 1842 judicio
904 1781 959 1823 cor
970 1779 1033 1820 non
1047 1755 1179 1822 subscri-

97 1863 234 1926 bendum
247 1866 307 1944 sit,
326 1866 410 1929 nulla
425 1887 515 1930 cansa
532 1868 656 1930 subesse
669 1867 796 1930 videtur.

137 1969 245 2052 Quom
264 1973 301 2036 de
323 1972 450 2037 consilio
468 1976 548 2055 quod
561 1973 593 2036 in
605 1974 663 2038 hac
678 1973 811 2037 editione
830 1974 1016 2054 sequendum
1029 1984 1131 2048 ratus,
1149 1981 1180 2033 et

97 2079 135 2138 de
154 2077 312 2156 subsidiis,
336 2101 400 2160 quan
420 2079 548 2142 mihin
570 2077 760 2156 obtulerunt,
774 2080 837 2162 jam
857 2079 890 2140 in
908 2076 998 2141 Proel'.
1014 2076 1176 2152 adVol.1,

97 2181 237 2266 pluribus
252 2185 383 2270 egerim,
401 2186 535 2249 breviter
549 2185 609 2250 hoc
627 2185 695 2251 loco
709 2187 846 2250 addenda
862 2199 947 2264 sunt,
961 2184 1070 2268 quibus
1083 2184 1115 2246 in
1130 2183 1178 2246 his

97 2288 236 2371 epistolis
250 2291 500 2376 recognoscendis
513 2295 651 2376 adjutum
664 2313 715 2354 mc
735 2291 824 2354 sensi.
838 2290 885 2353 lle
895 2291 1029 2374 primum
1044 2288 1096 2352 hic
1107 2290 1178 2351 lau-

97 2397 196 2457 danda
215 2395 292 2458 mihi
304 2411 349 2458 est
363 2398 548 2482 egregiaan
562 2399 749 2482 benignitas,
763 2419 822 2480 qua
836 2399 987 2460 Harlesios
998 2395 1058 2457 Vir
1072 2410 1101 2462 et
1114 2417 1178 2458 mc-

97 2503 163 2565 ritis
177 2505 321 2581 summis,
334 2504 442 2586 quibus
454 2507 491 2568 de
502 2505 610 2569 litteris
620 2506 709 2568 bonis
719 2505 858 2568 inclaruit
866 2497 920 2582 ,'ct
929 2505 1023 2566 animi
1033 2506 1176 2579 candore,

94 2629 159 2688 qno
176 2609 292 2670 nemini
306 2612 451 2672 secundus
469 2625 530 2684 est,
549 2631 621 2675 rere
635 2602 779 2687 illustris,
797 2633 850 2672 me
867 2611 924 2672 sibi
939 2610 1029 2694 plane
1043 2610 1178 2692 ignotum

94 2714 256 2797 amplexus
268 2717 308 2778 ad
320 2717 468 2780 maximas
483 2738 557 2799 quas
573 2717 687 2802 possim
698 2717 811 2802 gratias
823 2716 964 2779 devinxit.
980 2715 1067 2778 Misit
1076 2729 1178 2778 autern

94 2820 173 2880 milri
192 2820 253 2882 Ἧι·
274 2822 401 2884 eximius
424 2823 600 2888 collationes
624 2825 710 2886 codd.
731 2821 999 2907 Norimbergensis
1025 2834 1055 2883 ct
1070 2820 1179 2883 Erior-

94 2926 210 2990 diensis
222 2927 347 3005 (divorsi
358 2929 511 2992 tamenab
524 2930 595 3006 illo,
612 2931 690 2991 unde
707 2928 908 2991 amicissimus
924 2926 1062 2990 Matthiae
1079 2927 1177 2990 varic-

94 3047 191 3096 tatem
202 3033 340 3096 lcctionis
352 3048 503 3098 enotatam
514 3035 591 3096 mihi
604 3035 751 3111 miserat)
761 3054 822 3096 una
833 3055 903 3098 cum
917 3034 1049 3097 editione
1057 3047 1175 3108 vetere,

94 3163 190 3222 quam
217 3162 254 3203 ex
277 3142 414 3204 auctione
429 3140 626 3204 Bibliothecae
634 3139 736 3203 .Gottl.
751 3137 861 3203 Corttii
882 3138 1066 3204 professoris
1083 3161 1178 3222 quon

95 3248 168 3308 dam
183 3244 270 3331 Lips.
287 3261 421 3324 emerat,
441 3259 472 3310 et
488 3247 651 3310 editionem
661 3245 850 3322 Variorum,
866 3246 914 3308 cui
928 3247 1042 3330 passim
1059 3247 1179 3307 notulas

94 3355 242 3434 quasdam
258 3351 339 3415 lraud
365 3355 547 3437 spernendas
567 3352 790 3437 adscripscrat,
813 3353 943 3435 aliaque.
970 3351 1180 3438 Neapolitanae

95 3479 219 3541 qnoque
236 3458 395 3535 editionis,
411 3481 475 3541 qun
489 3461 623 3543 primurn
638 3459 740 3523 locum
753 3460 831 3522 inter
847 3463 913 3524 cdd.
935 3473 1080 3536 meretur,
1094 3479 1178 3521 non-

95 3564 169 3625 dnm
180 3563 314 3637 collatae,
333 3584 425 3646 quam
442 3587 459 3627 c
473 3564 657 3628 bibliotheca
675 3565 744 3628 Viri
760 3566 874 3652 egregii
889 3565 1107 3628 vindobonam
1121 3565 1179 3628 mi-

95 3691 201 3753 grasse
216 3671 323 3746 audio,
337 3686 492 3754 excerptas
504 3673 647 3736 lectiones
658 3672 764 3756 primae
776 3673 908 3756 epistolae
925 3670 1001 3735 mihi
1017 3674 1177 3736 mittendas

96 3776 222 3838 curavit.
235 3775 355 3858 Quibus
366 3778 506 3841 omnibns
517 3799 567 3840 me
578 3778 750 3862 gratissimo
764 3778 867 3840 animo
879 3799 967 3840 osum
979 3799 1045 3840 esse
1056 3777 1177 3862 publice
1201 3824 1204 3830 ,

97 3884 254 3966 profiteor.
277 3883 426 3966 Quamvis
447 3884 492 3947 illi
517 3887 602 3947 codd.
618 3884 797 3967 plerumque
812 3905 881 3946 com
897 3881 1089 3946 Gruterianis
1107 3903 1177 3945 con

97 3991 263 4072 spirarent,
276 4010 331 4053 nec
341 3991 371 4050 in
382 3990 457 4052 locis
471 3989 569 4052 dubiis
580 4004 632 4051 aut
647 3991 797 4073 corruptis
811 3991 974 4072 quidquam
987 3989 1090 4051 auxilii
1101 4011 1176 4074 prse-

132 4204 141 4234 ¹
153 4202 243 4269 Quum
257 4202 283 4255 ln
297 4224 326 4256 co
338 4223 423 4270 eram,
436 4217 463 4256 ut
476 4204 529 4259 hoec
541 4204 619 4276 prtlo
631 4225 746 4277 pararem
754 4245 762 4275 ,
771 4205 944 4280 intelligebam
955 4227 969 4258 c
979 4203 1067 4260 litteris
1073 4206 1172 4260 amicis·

100 4290 153 4344 simi
167 4293 283 4353 ldaohie
295 4295 328 4348 ad
342 4315 382 4349 mc
396 4295 458 4350 datis
464 4336 473 4366 ,
485 4296 532 4352 sibi
543 4315 612 4351 nunc
623 4295 737 4350 eamrlem
749 4297 899 4351 sententiam
910 4292 1018 4370 probari.
