2975 4992
338 410 404 495 loo
638 412 678 479 1..
705 405 881 476 ANNAEl
902 406 1117 478 SENECAE

341 537 500 621 tinxerit,
522 537 558 606 in
574 561 643 605 nnn
658 536 892 607 deformitate¹
904 538 1122 631 jooentibus²
1142 540 1265 609 faeiem
1285 537 1409 611 divise·

336 657 408 725 rit?
425 652 518 723 unde
531 654 588 723 lux
602 670 696 723 tantu
713 652 903 723 fundatur?
918 657 1010 749 ignis
1032 658 1101 740 sit,
1120 681 1166 725 an
1180 656 1316 750 aliquid
1327 658 1408 751 igne

278 806 310 842 so
335 768 605 863 lucidiusi’Ego
627 770 692 837 ista
717 792 788 837 non
812 761 1288 863 quorumquam,
1316 771 1408 839 unde

335 882 601 955 descenderim?
621 883 725 953 semel
741 882 817 951 broc
835 884 920 952 mibi
943 882 1093 957 videnda
1109 886 1204 973 sint,
1222 910 1269 955 au
1294 878 1407 979 ‘supe

333 1001 572 1071 nascendum?
593 1025 661 1095 qno
689 1001 775 1069 bino
800 1000 912 1069 iturus
934 1002 1029 1069 sim?
1055 1026 1134 1095 quse
1165 1001 1263 1071 sedes
1283 1026 1407 1097 exspe-

333 1110 447 1189 eteut⁵
459 1120 607 1188 unimam
620 1167 632 1205 ,
650 1116 792 1187 solutum
806 1115 942 1211 legibus
954 1118 1128 1187 servitutis
1138 1117 1322 1191 humanm?
1334 1122 1407 1197 ve-

333 1251 386 1305 tos
401 1258 455 1305 me
480 1234 566 1305 ooelo
593 1236 781 1316 interesse,
808 1231 847 1302 id
867 1249 944 1317 eet,
962 1234 1067 1326 jubes
1088 1258 1143 1305 me
1159 1237 1279 1305 virere
1295 1237 1407 1332 eapite

277 1390 305 1424 ιι
334 1348 480 1419 demisso
497 1351 513 1420 i
529 1350 641 1443 Mnjor
665 1374 764 1432 snm,
787 1348 888 1419 etad
913 1350 1042 1443 majora
1065 1352 1223 1444 genitus,
1246 1375 1353 1443 quum
1369 1367 1406 1419 nt

332 1466 540 1560 mancipium
558 1466 620 1533 sim
639 1466 704 1533 mei
723 1466 879 1558 corporis
894 1493 906 1551 3
925 1463 1020 1559 quod
1042 1465 1202 1558 equidem
1220 1490 1289 1535 non
1304 1466 1407 1535 uliter

331 1580 509 1678 adspicio,
528 1606 629 1675 quam
646 1581 819 1651 vinculum
837 1580 977 1675 uliquod
993 1580 1145 1651 libertati
1164 1607 1247 1653 mete
1264 1586 1406 1655 circum

331 1696 460 1768 dutum.
487 1701 562 1767 Hoc
588 1699 703 1791 itaque
726 1719 861 1791 oppono
886 1697 1051 1780 fortune,
1069 1698 1107 1766 in
1130 1723 1201 1797 quo
1223 1690 1402 1781 ⁶re'siutnt3

274 1850 307 1883 η
330 1837 396 1884 nec
406 1838 471 1908 per
482 1813 569 1883 illud
580 1811 626 1881 ad
634 1836 695 1881 me
707 1812 815 1880 ullum
826 1814 972 1881 uunsire
982 1815 1107 1884 vulnus
1120 1818 1208 1883 sino.
1222 1813 1405 1909 Quidquid

330 1932 367 2001 iu
387 1956 441 2002 me
461 1946 572 2025 potest
596 1930 757 2021 injuriam
780 1930 851 2025 poti
864 1934 892 2011 ⁷,
915 1930 982 1998 boo
1003 1948 1055 1999 est
1083 1934 1151 1999 zin
1173 1932 1241 2001 boc
1259 1931 1404 2001 obnoxio

328 2046 500 2115 domicilio
525 2046 659 2114 animus
683 2044 773 2113 liber
788 2043 933 2112 habitet.
956 2047 1140 2139 Nunquam
1159 2070 1213 2115 me
1237 2070 1317 2117 euro
1343 2048 1405 2114 isto

328 2162 507 2258 compellet
520 2159 564 2229 nd
577 2176 702 2229 metum
717 2209 727 2239 ‚
748 2183 923 2252 nunquam
936 2159 982 2227 ad
995 2160 1173 2256 indignum
1190 2161 1281 2231 bono
1293 2140 1405 2232 ⁴simu·

364 2400 386 2435 ι.
400 2380 436 2433 In
448 2401 503 2433 utta
514 2378 688 2451 drsmuitnte.
705 2378 735 2429 ln
748 2376 838 2439 Chao.
890 2377 1070 2449 pluribusloeis
1078 2418 1087 2444 ‚
1096 2380 1243 2451 qulndex
1251 2381 1362 2435 docebit.
1369 2380 1403 2432 ll.

328 2457 396 2531 qued
410 2458 498 2511 omnis
509 2455 662 2510 rontinebst.
925 2458 949 2523 4.
960 2456 1006 2508 An
1018 2475 1087 2525 soepe
1094 2459 1278 2511 noscendum?
1285 2479 1340 2528 quo
1348 2459 1405 2512 teti:

361 2536 560 2598 elucentibus,
569 2554 624 2587 nou
633 2544 717 2586 sutem
728 2532 839 2585 1atestt-
890 2543 938 2585 ete.
955 2532 1041 2606 Vulgo
1054 2554 1093 2586 an
1107 2536 1199 2603 soepe?
1213 2536 1341 2590 Nesa'am
1353 2555 1404 2604 quo

327 2609 839 2683 dus,tlederernelioreslibriomueseum
888 2608 1041 2663 bimeteer
1051 2610 1149 2664 Mureti
1157 2611 1273 2683 ingenio.
1282 2613 1405 2664 Nascen-

327 2692 368 2745 ed.
379 2692 414 2745 ll.
425 2690 507 2745 sets.
888 2687 1046 2740 dumtenent
1052 2700 1146 2740 veteres
1151 2687 1212 2742 libri
1220 2708 1322 2753 omnes.
1333 2690 1403 2760 quod

361 2768 456 2837 &Ego
472 2770 527 2819 isto
541 2786 592 2819 non
607 2761 751 2833 quanm?
762 2760 842 2814 Vides
889 2764 1142 2839 primoprosuspetto
1149 2765 1272 2821 bslsuerst
1278 2766 1370 2820 Scbsv.
1380 2781 1404 2820 et

325 2844 370 2897 bie
380 2864 469 2897 omues
478 2845 531 2896 sere
543 2841 600 2895 illss
609 2841 770 2911 questiones,
781 2839 841 2909 qui·
888 2839 961 2892 nucis
969 2840 1404 2907 rireuurdersumonerosdmisit.

233 2938 240 2945 ·
325 2922 373 2975 bus
391 2920 577 2993 investigandis
590 2919 708 2972 homines
724 2916 840 2986 sprimis
889 2914 985 2969 Cunus
997 2917 1157 2993 llubkopfins
1169 2921 1405 2974 contenditleetio-

326 3000 388 3055 inde
400 2997 840 3074 temporibus,quumpbilosopbsri
889 3012 949 3045 nem
960 2992 1109 3069 vulgatum,
1128 3017 1202 3069 supra
1223 2997 1362 3072 seriptum,
1375 2998 1403 3050 in

326 3080 475 3153 inciperent,
482 3098 582 3152 opernm
591 3090 767 3151 premetursm
773 3074 840 3129 ideo·
888 3089 939 3141 qus
953 3074 1113 3126 musaeum
1128 3074 1270 3141 omittitur,
1280 3076 1403 3130 omnibns

326 3175 376 3228 qne
391 3154 507 3208 inutilem
524 3172 589 3229 sepe
600 3175 703 3209 usvssse
720 3155 840 3229 pbiloso-
887 3145 1401 3222 fum‘llbffiwfiplssmmfifflffls

327 3232 395 3307 pbie
412 3234 514 3287 historie
533 3236 615 3288 docet.
631 3234 684 3287 Nee
703 3233 839 3306 prudentis
888 3222 1042 3296 tllmmqne
1065 3246 1093 3280 ex
1113 3226 1231 3281 Pinoisni
1255 3229 1402 3302 eonieoturs

328 3312 452 3378 Sournis,
463 3310 506 3381 qui
514 3312 630 3365 homines
639 3312 730 3365 abistis
739 3312 840 3385 ineptiis
889 3314 983 3354 ssim·

327 3388 490 3443 absterrendo
511 3384 672 3464 pbilosophis
692 3390 786 3443 seoelo
807 3390 839 3443 sd
921 3393 945 3443 5.
964 3392 1121 3462 Exspectent
1136 3395 1177 3447 ed.
1193 3396 1229 3447 R.
1247 3396 1399 3461 commode;

326 3480 419 3521 terram
431 3466 564 3533 devocats,
575 3467 672 3520 suntab
687 3467 739 3520 istis
752 3468 838 3541 spino·
887 3468 957 3539 quod
969 3480 993 3521 et
1008 3470 1117 3524 debuere
1131 3474 1167 3525 A·
1185 3484 1210 3524 et
1224 3492 1244 3525 c.
1260 3471 1288 3525 in
1306 3475 1401 3545 quibus

326 3544 360 3598 sis
368 3558 392 3597 et
404 3544 549 3619 periculosis
561 3542 770 3617 disputationibus
781 3544 838 3597 reti·
885 3556 1046 3616 eaespectnut.
1056 3545 1142 3623 Vulgo
1150 3551 1383 3617 exspetamus.

327 3640 387 3675 nere
400 3635 474 3693 etque
487 3623 609 3693 impedire
619 3622 712 3692 potuit,
726 3642 777 3695 quo
787 3621 838 3674 mi·
918 3624 943 3675 b
954 3624 990 3676 lu
1000 3645 1052 3694 quo
1062 3630 1175 3679 resistat.
1192 3628 1221 3681 ld
1236 3640 1285 3693 est,
1297 3642 1327 3682 ut
1343 3650 1400 3683 non

327 3718 375 3752 nus
385 3698 425 3751 vel
439 3698 491 3771 ipse
507 3698 604 3752 Plutus
618 3699 719 3771 Cretylo
731 3699 836 3770 aliisque
886 3702 952 3755 nltrs
962 3716 1093 3777 penetrare
1105 3705 1189 3777 possit.

326 3777 354 3830 in
374 3796 483 3831 errorem
503 3778 619 3830 inductus
636 3776 761 3831 similibus
778 3778 836 3829 dis-
920 3800 944 3844 ⁷·
956 3778 1400 3852 Quidquidinmepotestt'uiuriam

326 3854 505 3926 quisitionibus
514 3874 539 3907 se
548 3852 794 3924 tundereuCaeterum
802 3854 835 3909 de
880 3862 942 3926 poti
949 3899 957 3927 ,
973 3860 1020 3913 boc
1034 3867 1074 3913 es!
1087 3864 1097 3927 (
1108 3862 1125 3912 i.
1137 3881 1159 3913 e.
1175 3875 1213 3914 est
1223 3868 1333 3935 eorpus)
1348 3881 1356 3915 ε
1369 3868 1399 3916 irs

326 3932 367 3987 bis
380 3932 559 4005 questionibus
578 3932 710 3987 sdeuudus
731 3946 768 3985 est
786 3934 836 3985 Li·
885 3936 930 3989 boc
940 3937 1053 3991 obnoxio
1063 3939 1194 3992 domicilii»
1209 3943 1317 3992 unimus
1331 3942 1402 3993 liber

325 4012 394 4084 psius
408 4010 434 4063 iu
446 4010 606 4084 Physiologis
618 4032 639 4063 e.
648 4032 670 4063 c.
686 4011 717 4063 tle
728 4010 780 4063 vite
790 4014 836 4063 fu·
885 4014 994 4067 taetus,
1006 4014 1399 4088 SieoptirueGronov.distinrit.

326 4103 382 4145 ture
396 4104 421 4144 et
433 4094 595 4160 uslsmstes'qs
610 4092 648 4153 ll,
663 4110 689 4143 st
701 4131 708 4157 ,
721 4091 772 4153 ΙΙΙ,
790 4094 833 4157 14,
885 4095 967 4147 Antes
985 4093 1185 4167 distinguebatur
1194 4094 1231 4146 sir
1246 4110 1253 4145 :
1261 4099 1324 4161 poti
1330 4132 1339 4161 ,
1350 4094 1400 4148 boe

326 4169 525 4223 et'lieslemsnni
539 4166 613 4221 Ges'st
622 4170 670 4221 der
679 4168 750 4236 spels.
762 4168 834 4224 Plu.
883 4180 923 4225 est
936 4170 999 4223 iub.
1013 4191 1036 4222 o.
1051 4173 1197 4224 ὡπιίαᾘοι
1206 4192 1235 4227 o.
1245 4184 1291 4225 ete
1304 4173 1398 4226 ttutte
