2975 4992
415 422 676 493 nrrsroni
699 423 853 493 nrm.
1109 428 1174 519 roy

107 578 167 647 quo
191 569 287 647 tegat
311 553 487 649 scopulum
518 578 632 623 nonne
658 554 721 622 tibi
745 553 902 625 videntur
923 555 1177 625 otultiteirnuu?

105 674 213 767 Quem
231 672 394 749 omnlino,
415 672 562 741 extulisti
577 700 587 756 3
613 696 725 765 quaere
741 697 844 765 quem
861 669 977 741 nmeol
997 674 1109 743 Satine
1126 689 1178 745 eet

103 792 247 859 amm
265 810 448 881 reparare,
469 812 573 881 quarn
591 788 686 859 llere.
707 790 786 859 Scio
804 791 1004 883 pertritnnr¹
1021 791 1094 882 jam
1111 791 1177 860 hoc
1205 820 1234 858 ιιι

104 928 198 991 eree,
216 902 312 997 quod
328 902 523 996 adjecturus
541 926 637 991 surn3
657 927 727 972 non
744 904 823 975 idco
843 922 956 973 tamen
975 907 1178 999 pretermit-

104 1038 169 1088 tam
179 1070 190 1105 ,
211 1022 293 1111 qnia
308 1019 353 1087 nb
372 1018 530 1087 omnibus
547 1017 675 1089 dictum
693 1032 758 1087 ott.
777 1020 899 1089 Finem
917 1018 1057 1091 dolendi
1076 1022 1178 1091 etiem
1214 1083 1217 1090 .

104 1137 163 1227 qui
180 1136 325 1205 coneilio
343 1158 413 1203 non
431 1134 556 1203 fecerat
566 1184 577 1219 ,
598 1151 751 1227 ternpore
772 1136 926 1220 invenit3
945 1135 1177 1227 turpissimum

103 1266 218 1319 autern
232 1266 285 1319 eet
302 1250 339 1317 in
357 1250 494 1319 homine
513 1248 675 1343 prudenti
700 1250 892 1326 remedium
910 1252 1088 1333 moeroris,
1110 1250 1180 1319 lat-

104 1366 218 1435 titudo
236 1364 416 1435 moerendi.
444 1366 534 1437 Malo
552 1366 726 1460 relinquas
741 1367 918 1453 dolorem,
939 1392 1042 1460 quum
1058 1367 1103 1436 ab
1120 1368 1179 1436 illo

104 1484 313 1577 relinquaris
333 1509 343 1551 r
360 1499 396 1551 ct
412 1506 513 1575 quum
531 1483 700 1574 primun’
718 1480 755 1551 id
774 1482 886 1551 lucere
898 1482 1046 1565 desiste,
1066 1482 1176 1575 quod,

104 1603 237 1671 etiamsi
254 1601 369 1681 volet,
393 1598 454 1669 diu
473 1599 585 1669 fnoere
603 1624 672 1669 non
696 1601 837 1693 poterit.
866 1594 1025 1670 Annum³
1045 1601 1182 1669 lerninis
1208 1628 1235 1666 ιι
1271 1670 1277 1675 ,

104 1718 147 1787 ed
163 1717 354 1813 lugendum
372 1717 580 1787 conetlnrere
598 1716 744 1807 majore·
758 1744 768 1803 3
784 1739 854 1785 uon
871 1733 910 1785 ut
925 1732 993 1785 turn
1008 1715 1070 1785 diu
1082 1717 1183 1811 luge·
1256 1800 1260 1808 .

106 1850 203 1918 rent,
220 1833 283 1903 ned
293 1858 337 1901 ue
354 1832 505 1901 diutius:
522 1834 604 1901 virio
618 1832 749 1901 nullum
762 1831 951 1925 legitimum
964 1847 1096 1925 tempus
1109 1849 1179 1919 eet,

105 1952 186 2040 quia
206 1948 340 2015 nullum
367 1945 560 2013 honestum.
586 1945 699 2037 Quam
715 1962 830 2013 tumen
848 1947 933 2017 mihi
951 1970 991 2015 ex
1013 1946 1082 2015 illie
1101 1972 1183 2015 ntu-

106 2061 257 2131 lierculie
273 2060 389 2145 dnbio,
409 2062 464 2128 vir
482 2062 669 2128 retr-action
685 2083 768 2153 rogo
779 2056 807 2143 ⁴,
828 2061 883 2127 vix
903 2085 924 2129 n
938 2058 1102 2129 cadavere
1119 2087 1181 2130 rc-

107 2180 232 2261 ruleie,
253 2179 309 2247 cui
328 2177 474 2246 lucrimre
491 2178 528 2244 in
544 2191 651 2245 totum
670 2200 819 2244 mentem
837 2176 1063 2246 duraverint?
1080 2178 1182 2247 Nulla

108 2322 160 2365 reo
175 2298 280 2365 citius
292 2294 386 2363 venit
399 2296 434 2361 in
450 2293 585 2374 odium,
601 2316 702 2387 quarn
720 2292 818 2363 dolor
834 2323 843 2361 ι
864 2296 926 2386 qui
939 2318 1080 2377 recens,
1096 2319 1182 2363 con-

108 2410 283 2477 solatorem
306 2408 458 2491 invenit,
480 2422 514 2475 ct
532 2406 664 2501 aliquot
681 2406 722 2477 od
743 2430 779 2474 ee
797 2407 956 2493 adducit3
975 2410 1183 2477 inveteratur
1245 2448 1249 2455 ·

108 2552 185 2595 vero
203 2524 397 2595 deridetur.
419 2527 489 2592 Nec
508 2524 698 2611 immerit03
719 2539 777 2591 aut
796 2526 887 2593 enim
904 2522 1081 2593 simuletur
1096 2574 1105 2607 ,
1122 2542 1183 2596 eut

107 2642 228 2711 stultus
246 2658 310 2709 est.

155 2760 236 2825 Haec
255 2755 320 2823 tibi
339 2754 475 2836 scribo,
495 2758 524 2823 ie
542 2758 601 2847 qui
629 2756 794 2824 Annaeum
817 2758 980 2826 Serenum
994 2749 1021 2839 ⁵,
1039 2759 1180 2827 ocricu-
1206 2794 1235 2833 ιι

107 2898 195 2943 rrum
208 2872 295 2941 mihi
308 2921 318 2954 ‚
332 2887 398 2938 tum
414 2871 594 2940 immodice
609 2872 709 2955 flevi,
723 2888 762 2939 ut
770 2922 781 2956 ,
794 2871 887 2965 qnod
900 2874 1039 2941 minime
1052 2874 1175 2959 velim,

107 2993 196 3058 inter
207 2978 363 3081 exemplu
379 2989 442 3057 eim
456 3011 595 3074 eorum,
611 3012 696 3082 quot
713 2988 811 3055 dolor
825 2990 919 3057 vicit.
941 2988 1051 3057 Hodie
1066 3007 1178 3059 tnmcn

108 3108 230 3175 iactum
247 3129 360 3173 meum
374 3104 519 3189 damno,
532 3119 566 3171 et
580 3102 735 3197 intelligo
754 3104 930 3172 maximam
943 3106 1029 3173 mihi
1044 3131 1179 3177 cnutum

107 3226 154 3291 sic
178 3221 322 3315 lugendi
348 3220 471 3304 iuiooc,
493 3218 584 3327 quod
614 3244 788 3313 nunquam
815 3222 1064 3315 cogitaveram,
1089 3228 1178 3293 mori

106 3489 178 3541 tiore·
186 3487 257 3543 enirn
268 3486 316 3539 snb
326 3498 385 3557 toga
393 3484 475 3558 plures
483 3482 619 3537 tunicmi·
668 3494 730 3537 erat.
742 3484 816 3538 lllunr
824 3486 914 3539 merito
925 3487 1019 3540 delerit
1031 3488 1178 3565 Schweigh.

105 3566 157 3619 nrul
166 3576 307 3639 genuerunt.
320 3562 445 3617 Tunicam
453 3560 619 3633 sequebantur
701 3584 724 3615 n.
747 3562 786 3615 Et
809 3570 1015 3635 quamprr'rnum.
1038 3567 1096 3635 Et,
1120 3554 1195 3623 ento¹

105 3644 225 3697 subucula
233 3656 258 3695 et
266 3642 405 3709 indusium,
416 3640 521 3693 interior
531 3644 618 3713 posita.
667 3645 876 3710 quamprimum,
890 3642 986 3713 primns
998 3644 1111 3699 Muretus
1120 3686 1128 3712 ,
1138 3648 1177 3699 in·

108 3722 145 3773 (Ἰ.
152 3722 235 3775 Varro
244 3720 273 3773 in
286 3723 375 3793 fragm.
387 3741 411 3791 p.
423 3718 481 3787 237,
493 3718 549 3769 238.
562 3716 618 3790 Rip.
667 3721 725 3773 vitis
735 3720 944 3787 libritomnibu„
958 3722 1176 3794 abjecerat-ledo.

108 3800 211 3853 Sneton.
224 3804 292 3871 Aug.
304 3801 344 3854 82.
357 3796 473 3867 Plerique
486 3810 618 3849 tomento·
700 3800 724 3852 3.
736 3800 853 3853 Atreum
866 3800 905 3853 Cf.
917 3800 1046 3854 Contolrt.
1061 3804 1092 3855 ad
1109 3804 1177 3856 Hel-

107 3878 130 3929 lt
140 3878 226 3931 tnnioe
236 3876 325 3930 induti
334 3888 417 3939 erant,
432 3875 499 3927 unde
508 3874 618 3927 Horatl
668 3876 735 3929 viam
748 3897 770 3930 c.
781 3878 860 3943 XVI,
881 3898 890 3929 r
906 3890 960 3931 not.

106 3951 618 4029 F4p.7,55‚tunicntntpopellne.1lultlt·
699 3956 723 4019 4.
736 3956 866 4009 Reemcle's
879 3975 899 4007 α
908 3974 982 4025 rogo,
993 3976 1071 4025 quom
1084 3956 1178 4009 vellent

142 4056 162 4089 ι.
178 4033 240 4089 Seio
254 4036 402 4103 pertritum.
418 4032 475 4085 Vox
494 4033 616 4101 quidem,
667 4051 719 4085 rere
738 4032 765 4083 in
787 4031 902 4084 flammas
922 4032 1064 4103 conjicere,
1085 4034 1176 4104 quibu·
1264 4096 1268 4103 ι

106 4114 182 4187 πιζο
202 4113 247 4167 hie
267 4112 378 4175 ineerta,
399 4110 509 4182 primum
532 4109 560 4162 in
580 4108 619 4161 cd.
668 4108 753 4162 meriti
766 4129 855 4182 corpur
865 4110 1065 4162 consumebatur.

107 4196 187 4249 Gron.
209 4195 300 4249 invitis
316 4193 389 4247 libri·
409 4204 503 4245 ternere
521 4190 619 4243 inverte
703 4188 726 4237 5.
738 4188 872 4239 Aaronom
890 4186 1032 4252 Senum,
1051 4188 1124 4241 illurn
1136 4188 1177 4241 eni
