<?xml version="1.0" encoding="UTF-8"?>
<!DOCTYPE html PUBLIC "-//W3C//DTD XHTML 1.0 Transitional//EN"
    "http://www.w3.org/TR/xhtml1/DTD/xhtml1-transitional.dtd">
<html xmlns="http://www.w3.org/1999/xhtml" xml:lang="en" lang="en">
 <head>
  <title>
</title>
<meta http-equiv="Content-Type" content="text/html;charset=utf-8" />
  <meta name='ocr-system' content='tesseract 3.04.00' />
  <meta name='ocr-capabilities' content='ocr_page ocr_carea ocr_par ocr_line ocrx_word'/>
</head>
<body>
  <div class='ocr_page' id='page_1' title='image "./lannsenecparspr03bouigoog_0534.png"; bbox 0 0 2975 4992; ppageno 0'>
   <div class='ocr_carea' id='block_1_1' title="bbox 264 436 1392 2857">
    <p class='ocr_par' dir='ltr' id='par_1_1' title="bbox 264 436 1392 2857">
     <span class='ocr_line' id='line_1_1' title="bbox 330 436 1176 530; baseline 0.012 -25"><span class='ocrx_word' id='word_1_1' title='bbox 330 436 398 523; x_wconf 71' lang='lat'>524</span> <span class='ocrx_word' id='word_1_2' title='bbox 542 500 554 524; x_wconf 78' lang='grc'><em>,</em></span> <span class='ocrx_word' id='word_1_3' title='bbox 595 524 599 530; x_wconf 9' lang='lat' dir='ltr'>p</span> <span class='ocrx_word' id='word_1_4' title='bbox 624 444 665 511; x_wconf 84' lang='lat' dir='ltr'>L.</span> <span class='ocrx_word' id='word_1_5' title='bbox 687 441 865 513; x_wconf 75' lang='lat' dir='ltr'><strong>ANNAEI</strong></span> <span class='ocrx_word' id='word_1_6' title='bbox 888 442 1101 515; x_wconf 82' lang='lat' dir='ltr'>SENECAE</span> <span class='ocrx_word' id='word_1_7' title='bbox 1168 473 1176 483; x_wconf 93' lang='lat'><strong>·</strong></span> 
     </span>
     <span class='ocr_line' id='line_1_2' title="bbox 372 566 1391 669; baseline 0.011 -35"><span class='ocrx_word' id='word_1_8' title='bbox 372 566 454 635; x_wconf 84' lang='lat' dir='ltr'>Noli</span> <span class='ocrx_word' id='word_1_9' title='bbox 465 568 554 639; x_wconf 79' lang='lat' dir='ltr'>muln</span> <span class='ocrx_word' id='word_1_10' title='bbox 569 585 633 639; x_wconf 80' lang='lat' dir='ltr'>tun</span> <span class='ocrx_word' id='word_1_11' title='bbox 642 572 755 641; x_wconf 85' lang='lat' dir='ltr'>fecere</span> <span class='ocrx_word' id='word_1_12' title='bbox 781 573 845 642; x_wconf 82' lang='lat' dir='ltr'>tibi</span> <span class='ocrx_word' id='word_1_13' title='bbox 862 574 928 667; x_wconf 76' lang='lat' dir='ltr'>ipsi</span> <span class='ocrx_word' id='word_1_14' title='bbox 949 576 1122 667; x_wconf 77' lang='lat' dir='ltr'>graviore,</span> <span class='ocrx_word' id='word_1_15' title='bbox 1142 590 1176 643; x_wconf 89' lang='lat' dir='ltr'>et</span> <span class='ocrx_word' id='word_1_16' title='bbox 1193 589 1227 643; x_wconf 94' lang='lat' dir='ltr'>te</span> <span class='ocrx_word' id='word_1_17' title='bbox 1243 572 1391 669; x_wconf 87' lang='lat' dir='ltr'>querelir</span> 
     </span>
     <span class='ocr_line' id='line_1_3' title="bbox 326 684 1388 779; baseline 0.006 -31"><span class='ocrx_word' id='word_1_18' title='bbox 326 703 483 751; x_wconf 69' lang='lat' dir='ltr'>onerare.</span> <span class='ocrx_word' id='word_1_19' title='bbox 501 684 602 752; x_wconf 72' lang='lat' dir='ltr'>Levis</span> <span class='ocrx_word' id='word_1_20' title='bbox 617 699 670 753; x_wconf 79' lang='lat' dir='ltr'>eet</span> <span class='ocrx_word' id='word_1_21' title='bbox 685 684 799 767; x_wconf 87' lang='lat' dir='ltr'>dolor,</span> <span class='ocrx_word' id='word_1_22' title='bbox 821 685 850 753; x_wconf 81' lang='lat' dir='ltr'>ei</span> <span class='ocrx_word' id='word_1_23' title='bbox 869 686 958 753; x_wconf 86' lang='lat' dir='ltr'>nihil</span> <span class='ocrx_word' id='word_1_24' title='bbox 979 686 1030 755; x_wconf 92' lang='lat' dir='ltr'>illi</span> <span class='ocrx_word' id='word_1_25' title='bbox 1055 688 1171 779; x_wconf 91' lang='lat' dir='ltr'>opinio</span> <span class='ocrx_word' id='word_1_26' title='bbox 1195 687 1388 779; x_wconf 82' lang='lat' dir='ltr'>edjeeerit:</span> 
     </span>
     <span class='ocr_line' id='line_1_4' title="bbox 270 800 1392 896; baseline 0.012 -34"><span class='ocrx_word' id='word_1_27' title='bbox 270 826 300 863; x_wconf 65' lang='grc' dir='ltr'>ιι</span> <span class='ocrx_word' id='word_1_28' title='bbox 326 814 468 882; x_wconf 81' lang='lat' dir='ltr'>contre,</span> <span class='ocrx_word' id='word_1_29' title='bbox 482 800 513 869; x_wconf 81' lang='lat' dir='ltr'>ei</span> <span class='ocrx_word' id='word_1_30' title='bbox 528 801 702 873; x_wconf 76' lang='lat' dir='ltr'>exhortari</span> <span class='ocrx_word' id='word_1_31' title='bbox 717 818 751 871; x_wconf 92' lang='lat' dir='ltr'>te</span> <span class='ocrx_word' id='word_1_32' title='bbox 767 804 932 896; x_wconf 78' lang='lat' dir='ltr'>emperie,</span> <span class='ocrx_word' id='word_1_33' title='bbox 947 828 988 873; x_wconf 90' lang='lat' dir='ltr'>ae</span> <span class='ocrx_word' id='word_1_34' title='bbox 1003 802 1141 891; x_wconf 86' lang='lat' dir='ltr'>dioere,</span> <span class='ocrx_word' id='word_1_35' title='bbox 1157 806 1240 871; x_wconf 75' lang='grc' dir='ltr'>ιη’]ιιῚ</span> <span class='ocrx_word' id='word_1_36' title='bbox 1254 823 1324 889; x_wconf 72' lang='lat'>0513</span> <span class='ocrx_word' id='word_1_37' title='bbox 1337 822 1392 875; x_wconf 86' lang='lat' dir='ltr'>eut</span> 
     </span>
     <span class='ocr_line' id='line_1_5' title="bbox 324 915 1387 1010; baseline 0.007 -27"><span class='ocrx_word' id='word_1_38' title='bbox 324 931 436 999; x_wconf 83' lang='lat' dir='ltr'>oerte,</span> <span class='ocrx_word' id='word_1_39' title='bbox 455 919 612 1007; x_wconf 55' lang='lat' dir='ltr'>wigurm</span> <span class='ocrx_word' id='word_1_40' title='bbox 625 934 675 985; x_wconf 84' lang='lat' dir='ltr'>est</span> <span class='ocrx_word' id='word_1_41' title='bbox 684 945 696 1001; x_wconf 67' lang='grc' dir='ltr'><strong><em>ς</em></strong></span> <span class='ocrx_word' id='word_1_42' title='bbox 709 915 878 989; x_wconf 68' lang='lat' dir='ltr'>dictemus!</span> <span class='ocrx_word' id='word_1_43' title='bbox 887 918 959 1010; x_wconf 85' lang='lat' dir='ltr'>jem</span> <span class='ocrx_word' id='word_1_44' title='bbox 973 916 1105 987; x_wconf 76' lang='lat' dir='ltr'>detinet</span> <span class='ocrx_word' id='word_1_45' title='bbox 1122 946 1130 985; x_wconf 92' lang='lat'>:</span> <span class='ocrx_word' id='word_1_46' title='bbox 1146 918 1257 989; x_wconf 82' lang='lat' dir='ltr'>levem</span> <span class='ocrx_word' id='word_1_47' title='bbox 1275 920 1387 1002; x_wconf 88' lang='lat' dir='ltr'>illum,</span> 
     </span>
     <span class='ocr_line' id='line_1_6' title="bbox 323 1029 1389 1129; baseline 0.006 -31"><span class='ocrx_word' id='word_1_48' title='bbox 323 1029 405 1100; x_wconf 91' lang='lat' dir='ltr'>dum</span> <span class='ocrx_word' id='word_1_49' title='bbox 417 1047 532 1125; x_wconf 77' lang='lat' dir='ltr'>putee,</span> <span class='ocrx_word' id='word_1_50' title='bbox 543 1032 659 1102; x_wconf 64' lang='lat' dir='ltr'>faeiem</span> <span class='ocrx_word' id='word_1_51' title='bbox 673 1034 796 1101; x_wconf 83' lang='lat' dir='ltr'>Omnia</span> <span class='ocrx_word' id='word_1_52' title='bbox 809 1056 849 1101; x_wconf 87' lang='lat' dir='ltr'>ex</span> <span class='ocrx_word' id='word_1_53' title='bbox 864 1035 1024 1126; x_wconf 91' lang='lat' dir='ltr'>opinione</span> <span class='ocrx_word' id='word_1_54' title='bbox 1038 1058 1199 1129; x_wconf 82' lang='lat' dir='ltr'>euepenee</span> <span class='ocrx_word' id='word_1_55' title='bbox 1213 1050 1295 1105; x_wconf 85' lang='lat' dir='ltr'>eunt</span> <span class='ocrx_word' id='word_1_56' title='bbox 1306 1062 1314 1103; x_wconf 93' lang='lat'>:</span> <span class='ocrx_word' id='word_1_57' title='bbox 1324 1060 1389 1104; x_wconf 91' lang='lat' dir='ltr'>non</span> 
     </span>
     <span class='ocr_line' id='line_1_7' title="bbox 323 1147 1387 1241; baseline 0.004 -26"><span class='ocrx_word' id='word_1_58' title='bbox 323 1147 462 1216; x_wconf 81' lang='lat' dir='ltr'><strong>ambitio</strong></span> <span class='ocrx_word' id='word_1_59' title='bbox 476 1163 606 1229; x_wconf 79' lang='lat' dir='ltr'>tentum</span> <span class='ocrx_word' id='word_1_60' title='bbox 619 1148 666 1218; x_wconf 84' lang='lat' dir='ltr'>ad</span> <span class='ocrx_word' id='word_1_61' title='bbox 682 1148 776 1217; x_wconf 83' lang='lat' dir='ltr'>illem</span> <span class='ocrx_word' id='word_1_62' title='bbox 788 1150 949 1241; x_wconf 74' lang='lat' dir='ltr'><strong>respicit,</strong></span> <span class='ocrx_word' id='word_1_63' title='bbox 964 1165 1000 1217; x_wconf 90' lang='lat' dir='ltr'>et</span> <span class='ocrx_word' id='word_1_64' title='bbox 1012 1148 1168 1234; x_wconf 82' lang='lat' dir='ltr'>luxurie,</span> <span class='ocrx_word' id='word_1_65' title='bbox 1183 1165 1219 1217; x_wconf 92' lang='lat' dir='ltr'>et</span> <span class='ocrx_word' id='word_1_66' title='bbox 1230 1151 1387 1235; x_wconf 70' lang='lat' dir='ltr'>avaritie,</span> 
     </span>
     <span class='ocr_line' id='line_1_8' title="bbox 321 1261 1390 1357; baseline 0 -24"><span class='ocrx_word' id='word_1_67' title='bbox 321 1261 368 1333; x_wconf 84' lang='lat' dir='ltr'>ed</span> <span class='ocrx_word' id='word_1_68' title='bbox 383 1264 577 1357; x_wconf 84' lang='lat' dir='ltr'>opinionem</span> <span class='ocrx_word' id='word_1_69' title='bbox 600 1264 786 1335; x_wconf 87' lang='lat' dir='ltr'>dolemue¹.</span> <span class='ocrx_word' id='word_1_70' title='bbox 809 1265 896 1333; x_wconf 85' lang='lat' dir='ltr'>Tem</span> <span class='ocrx_word' id='word_1_71' title='bbox 913 1265 1015 1333; x_wconf 80' lang='lat' dir='ltr'>miter·</span> <span class='ocrx_word' id='word_1_72' title='bbox 1032 1279 1084 1333; x_wconf 80' lang='lat' dir='ltr'>eet</span> <span class='ocrx_word' id='word_1_73' title='bbox 1101 1266 1271 1357; x_wconf 72' lang='lat' dir='ltr'>quinque,</span> <span class='ocrx_word' id='word_1_74' title='bbox 1291 1290 1390 1357; x_wconf 78' lang='lat' dir='ltr'>quam</span> 
     </span>
     <span class='ocr_line' id='line_1_9' title="bbox 307 1379 1390 1479; baseline 0 -28"><span class='ocrx_word' id='word_1_75' title='bbox 307 1380 481 1479; x_wconf 84' lang='lat' dir='ltr'>¹eredidit.</span> <span class='ocrx_word' id='word_1_76' title='bbox 500 1379 735 1451; x_wconf 75' lang='lat' dir='ltr'>Deuehendne</span> <span class='ocrx_word' id='word_1_77' title='bbox 746 1382 995 1475; x_wconf 76' lang='lat' dir='ltr'>preteritorum</span> <span class='ocrx_word' id='word_1_78' title='bbox 1008 1379 1163 1451; x_wconf 86' lang='lat' dir='ltr'>dolorum</span> <span class='ocrx_word' id='word_1_79' title='bbox 1176 1384 1390 1473; x_wconf 84' lang='lat' dir='ltr'>eonqueetio-</span> 
     </span>
     <span class='ocr_line' id='line_1_10' title="bbox 321 1494 1389 1591; baseline 0.005 -29"><span class='ocrx_word' id='word_1_80' title='bbox 321 1519 383 1563; x_wconf 81' lang='lat' dir='ltr'>nee</span> <span class='ocrx_word' id='word_1_81' title='bbox 402 1510 505 1587; x_wconf 88' lang='lat' dir='ltr'>puto,</span> <span class='ocrx_word' id='word_1_82' title='bbox 518 1509 554 1563; x_wconf 94' lang='lat' dir='ltr'>et</span> <span class='ocrx_word' id='word_1_83' title='bbox 566 1495 627 1563; x_wconf 81' lang='lat' dir='ltr'>illo</span> <span class='ocrx_word' id='word_1_84' title='bbox 638 1494 743 1564; x_wconf 83' lang='lat' dir='ltr'>verbe</span> <span class='ocrx_word' id='word_1_85' title='bbox 760 1523 768 1563; x_wconf 77' lang='grc' dir='ltr'>ι</span> <span class='ocrx_word' id='word_1_86' title='bbox 787 1523 803 1561; x_wconf 81' lang='lat' dir='ltr'>u</span> <span class='ocrx_word' id='word_1_87' title='bbox 818 1495 911 1564; x_wconf 82' lang='lat' dir='ltr'>Nulli</span> <span class='ocrx_word' id='word_1_88' title='bbox 924 1520 1074 1589; x_wconf 75' lang='lat' dir='ltr'>unquam</span> <span class='ocrx_word' id='word_1_89' title='bbox 1087 1498 1151 1565; x_wconf 84' lang='lat' dir='ltr'>luit</span> <span class='ocrx_word' id='word_1_90' title='bbox 1164 1497 1276 1591; x_wconf 75' lang='lat' dir='ltr'>pejus.</span> <span class='ocrx_word' id='word_1_91' title='bbox 1294 1498 1389 1590; x_wconf 83' lang='lat' dir='ltr'>Quoe</span> 
     </span>
     <span class='ocr_line' id='line_1_11' title="bbox 322 1609 1387 1704; baseline 0 -23"><span class='ocrx_word' id='word_1_92' title='bbox 322 1612 511 1693; x_wconf 75' lang='lat' dir='ltr'>crucietur,</span> <span class='ocrx_word' id='word_1_93' title='bbox 537 1627 663 1703; x_wconf 78' lang='lat' dir='ltr'>quante</span> <span class='ocrx_word' id='word_1_94' title='bbox 686 1611 774 1679; x_wconf 80' lang='lat' dir='ltr'>mule</span> <span class='ocrx_word' id='word_1_95' title='bbox 796 1609 940 1704; x_wconf 85' lang='lat' dir='ltr'>pertuli!</span> <span class='ocrx_word' id='word_1_96' title='bbox 968 1638 1067 1681; x_wconf 86' lang='lat' dir='ltr'>uerno</span> <span class='ocrx_word' id='word_1_97' title='bbox 1086 1638 1140 1681; x_wconf 87' lang='lat' dir='ltr'>me</span> <span class='ocrx_word' id='word_1_98' title='bbox 1158 1629 1387 1683; x_wconf 73' lang='lat' dir='ltr'>surrecturum</span> 
     </span>
     <span class='ocr_line' id='line_1_12' title="bbox 267 1727 1390 1822; baseline 0.004 -29"><span class='ocrx_word' id='word_1_99' title='bbox 267 1736 298 1791; x_wconf 66' lang='grc' dir='ltr'>ιδ</span> <span class='ocrx_word' id='word_1_100' title='bbox 320 1728 461 1820; x_wconf 85' lang='lat' dir='ltr'>poterit.</span> <span class='ocrx_word' id='word_1_101' title='bbox 488 1727 632 1820; x_wconf 87' lang='lat' dir='ltr'>Quotiee</span> <span class='ocrx_word' id='word_1_102' title='bbox 650 1728 845 1822; x_wconf 72' lang='lat' dir='ltr'>deploratur</span> <span class='ocrx_word' id='word_1_103' title='bbox 863 1752 937 1797; x_wconf 83' lang='lat' dir='ltr'>sum</span> <span class='ocrx_word' id='word_1_104' title='bbox 956 1753 976 1797; x_wconf 83' lang='lat' dir='ltr'><strong>a</strong></span> <span class='ocrx_word' id='word_1_105' title='bbox 994 1730 1105 1811; x_wconf 84' lang='lat' dir='ltr'>meio,</span> <span class='ocrx_word' id='word_1_106' title='bbox 1127 1730 1260 1821; x_wconf 74' lang='lat' dir='ltr'>quoties</span> <span class='ocrx_word' id='word_1_107' title='bbox 1281 1752 1304 1795; x_wconf 85' lang='lat' dir='ltr'><strong>a</strong></span> <span class='ocrx_word' id='word_1_108' title='bbox 1322 1752 1390 1797; x_wconf 88' lang='lat' dir='ltr'>me-</span> 
     </span>
     <span class='ocr_line' id='line_1_13' title="bbox 321 1831 1387 1938; baseline 0.002 -27"><span class='ocrx_word' id='word_1_109' title='bbox 321 1842 407 1912; x_wconf 84' lang='lat' dir='ltr'>dleie</span> <span class='ocrx_word' id='word_1_110' title='bbox 422 1831 579 1913; x_wconf 82' lang='lat' dir='ltr'>relietuel</span> <span class='ocrx_word' id='word_1_111' title='bbox 602 1845 644 1911; x_wconf 90' lang='lat' dir='ltr'>In</span> <span class='ocrx_word' id='word_1_112' title='bbox 659 1844 841 1935; x_wconf 81' lang='lat' dir='ltr'>equuleum</span> <span class='ocrx_word' id='word_1_113' title='bbox 863 1845 1011 1938; x_wconf 74' lang='lat' dir='ltr'>impositi</span> <span class='ocrx_word' id='word_1_114' title='bbox 1029 1869 1105 1915; x_wconf 91' lang='lat' dir='ltr'>non·</span> <span class='ocrx_word' id='word_1_115' title='bbox 1121 1847 1171 1913; x_wconf 83' lang='lat' dir='ltr'>eie</span> <span class='ocrx_word' id='word_1_116' title='bbox 1188 1844 1387 1913; x_wconf 74' lang='lat' dir='ltr'>dien-ahon-</span> 
     </span>
     <span class='ocr_line' id='line_1_14' title="bbox 285 1957 1387 2050; baseline 0.001 -26"><span class='ocrx_word' id='word_1_117' title='bbox 285 1962 297 1981; x_wconf 86' lang='lat'>’</span> <span class='ocrx_word' id='word_1_118' title='bbox 319 1971 388 2024; x_wconf 89' lang='lat' dir='ltr'>tur.</span> <span class='ocrx_word' id='word_1_119' title='bbox 407 1983 424 2020; x_wconf 75' lang='lat' dir='ltr'>r</span> <span class='ocrx_word' id='word_1_120' title='bbox 445 1958 584 2025; x_wconf 69' lang='lat' dir='ltr'>Etiamsi</span> <span class='ocrx_word' id='word_1_121' title='bbox 604 1971 683 2025; x_wconf 83' lang='lat' dir='ltr'>eunt</span> <span class='ocrx_word' id='word_1_122' title='bbox 701 1980 783 2025; x_wconf 84' lang='lat' dir='ltr'>vera</span> <span class='ocrx_word' id='word_1_123' title='bbox 801 1959 885 2041; x_wconf 74' lang='lat' dir='ltr'>iste,</span> <span class='ocrx_word' id='word_1_124' title='bbox 911 1959 1129 2027; x_wconf 76' lang='lat' dir='ltr'>transierunt.</span> <span class='ocrx_word' id='word_1_125' title='bbox 1156 1957 1253 2050; x_wconf 90' lang='lat' dir='ltr'>Quid</span> <span class='ocrx_word' id='word_1_126' title='bbox 1271 1958 1387 2049; x_wconf 83' lang='lat' dir='ltr'>’juvat</span> 
     </span>
     <span class='ocr_line' id='line_1_15' title="bbox 319 2071 1385 2166; baseline -0.004 -21"><span class='ocrx_word' id='word_1_127' title='bbox 319 2075 505 2166; x_wconf 73' lang='lat' dir='ltr'>preteritas</span> <span class='ocrx_word' id='word_1_128' title='bbox 517 2071 652 2141; x_wconf 80' lang='lat' dir='ltr'>doloret</span> <span class='ocrx_word' id='word_1_129' title='bbox 663 2088 865 2155; x_wconf 79' lang='lat' dir='ltr'>retractare,</span> <span class='ocrx_word' id='word_1_130' title='bbox 883 2088 918 2141; x_wconf 93' lang='lat' dir='ltr'>et</span> <span class='ocrx_word' id='word_1_131' title='bbox 931 2076 1091 2143; x_wconf 72' lang='lat' dir='ltr'>miserum</span> <span class='ocrx_word' id='word_1_132' title='bbox 1105 2098 1198 2158; x_wconf 75' lang='lat' dir='ltr'>eote,</span> <span class='ocrx_word' id='word_1_133' title='bbox 1214 2075 1297 2166; x_wconf 85' lang='lat' dir='ltr'>quie</span> <span class='ocrx_word' id='word_1_134' title='bbox 1312 2074 1385 2141; x_wconf 83' lang='lat' dir='ltr'>fue·</span> 
     </span>
     <span class='ocr_line' id='line_1_16' title="bbox 320 2183 1386 2280; baseline 0.002 -26"><span class='ocrx_word' id='word_1_135' title='bbox 320 2187 391 2254; x_wconf 78' lang='lat' dir='ltr'>rie?</span> <span class='ocrx_word' id='word_1_136' title='bbox 408 2183 522 2279; x_wconf 87' lang='lat' dir='ltr'>Quid,</span> <span class='ocrx_word' id='word_1_137' title='bbox 539 2184 633 2277; x_wconf 89' lang='lat' dir='ltr'>qnod</span> <span class='ocrx_word' id='word_1_138' title='bbox 644 2210 744 2254; x_wconf 90' lang='lat' dir='ltr'>nemo</span> <span class='ocrx_word' id='word_1_139' title='bbox 760 2209 829 2255; x_wconf 87' lang='lat' dir='ltr'>nou</span> <span class='ocrx_word' id='word_1_140' title='bbox 843 2188 985 2259; x_wconf 89' lang='lat' dir='ltr'>multum</span> <span class='ocrx_word' id='word_1_141' title='bbox 1001 2189 1097 2259; x_wconf 81' lang='lat' dir='ltr'>mulio</span> <span class='ocrx_word' id='word_1_142' title='bbox 1110 2189 1179 2257; x_wconf 80' lang='lat' dir='ltr'>euie</span> <span class='ocrx_word' id='word_1_143' title='bbox 1193 2186 1337 2280; x_wconf 88' lang='lat' dir='ltr'>adjicit,</span> <span class='ocrx_word' id='word_1_144' title='bbox 1353 2204 1386 2256; x_wconf 92' lang='lat' dir='ltr'>et</span> 
     </span>
     <span class='ocr_line' id='line_1_17' title="bbox 318 2299 1385 2394; baseline 0.003 -26"><span class='ocrx_word' id='word_1_145' title='bbox 318 2299 384 2368; x_wconf 83' lang='lat' dir='ltr'>eibi</span> <span class='ocrx_word' id='word_1_146' title='bbox 395 2301 468 2394; x_wconf 82' lang='lat' dir='ltr'>ipee</span> <span class='ocrx_word' id='word_1_147' title='bbox 478 2302 640 2369; x_wconf 89' lang='lat' dir='ltr'>mentitur</span> <span class='ocrx_word' id='word_1_148' title='bbox 652 2303 667 2367; x_wconf 78' lang='lat' dir='ltr'>i</span> <span class='ocrx_word' id='word_1_149' title='bbox 678 2300 831 2384; x_wconf 85' lang='lat' dir='ltr'>Deinde,</span> <span class='ocrx_word' id='word_1_150' title='bbox 848 2301 940 2394; x_wconf 92' lang='lat' dir='ltr'>quod</span> <span class='ocrx_word' id='word_1_151' title='bbox 953 2304 1112 2371; x_wconf 87' lang='lat' dir='ltr'>eoerbum</span> <span class='ocrx_word' id='word_1_152' title='bbox 1126 2302 1212 2383; x_wconf 84' lang='lat' dir='ltr'>fuit,</span> <span class='ocrx_word' id='word_1_153' title='bbox 1229 2302 1385 2371; x_wconf 72' lang='lat' dir='ltr'>retulisse</span> 
     </span>
     <span class='ocr_line' id='line_1_18' title="bbox 313 2414 1384 2511; baseline -0.002 -24"><span class='ocrx_word' id='word_1_154' title='bbox 313 2417 505 2510; x_wconf 81' lang='lat' dir='ltr'>jucundum</span> <span class='ocrx_word' id='word_1_155' title='bbox 523 2435 574 2485; x_wconf 88' lang='lat' dir='ltr'>eet</span> <span class='ocrx_word' id='word_1_156' title='bbox 596 2416 774 2487; x_wconf 72' lang='lat' dir='ltr'>:naturale</span> <span class='ocrx_word' id='word_1_157' title='bbox 789 2434 858 2501; x_wconf 85' lang='lat' dir='ltr'>eet,</span> <span class='ocrx_word' id='word_1_158' title='bbox 875 2418 956 2486; x_wconf 82' lang='lat' dir='ltr'>mali</span> <span class='ocrx_word' id='word_1_159' title='bbox 971 2419 1024 2485; x_wconf 81' lang='lat' dir='ltr'>eui</span> <span class='ocrx_word' id='word_1_160' title='bbox 1042 2418 1111 2485; x_wconf 88' lang='lat' dir='ltr'>fine</span> <span class='ocrx_word' id='word_1_161' title='bbox 1129 2414 1293 2511; x_wconf 73' lang='lat' dir='ltr'>paudere.</span> <span class='ocrx_word' id='word_1_162' title='bbox 1312 2419 1384 2490; x_wconf 85' lang='lat' dir='ltr'>Cir·</span> 
     </span>
     <span class='ocr_line' id='line_1_19' title="bbox 318 2529 1384 2624; baseline -0.004 -23"><span class='ocrx_word' id='word_1_163' title='bbox 318 2530 541 2601; x_wconf 83' lang='lat' dir='ltr'>eumcidenda</span> <span class='ocrx_word' id='word_1_164' title='bbox 557 2554 639 2624; x_wconf 79' lang='lat' dir='ltr'>ergo</span> <span class='ocrx_word' id='word_1_165' title='bbox 658 2529 726 2599; x_wconf 92' lang='lat' dir='ltr'>duo</span> <span class='ocrx_word' id='word_1_166' title='bbox 744 2546 844 2615; x_wconf 81' lang='lat' dir='ltr'>eunt,</span> <span class='ocrx_word' id='word_1_167' title='bbox 866 2548 901 2601; x_wconf 89' lang='lat' dir='ltr'>et</span> <span class='ocrx_word' id='word_1_168' title='bbox 919 2532 1025 2601; x_wconf 87' lang='lat' dir='ltr'>futuri</span> <span class='ocrx_word' id='word_1_169' title='bbox 1045 2533 1167 2613; x_wconf 83' lang='lat' dir='ltr'>timor,</span> <span class='ocrx_word' id='word_1_170' title='bbox 1197 2546 1232 2599; x_wconf 92' lang='lat' dir='ltr'>et</span> <span class='ocrx_word' id='word_1_171' title='bbox 1261 2533 1384 2599; x_wconf 83' lang='lat' dir='ltr'>veteris</span> 
     </span>
     <span class='ocr_line' id='line_1_20' title="bbox 318 2645 1385 2739; baseline -0.004 -22"><span class='ocrx_word' id='word_1_172' title='bbox 318 2647 522 2717; x_wconf 87' lang='lat' dir='ltr'>incommodi</span> <span class='ocrx_word' id='word_1_173' title='bbox 537 2648 699 2716; x_wconf 85' lang='lat' dir='ltr'>memorie</span> <span class='ocrx_word' id='word_1_174' title='bbox 715 2672 725 2715; x_wconf 73' lang='grc' dir='ltr'><strong>ι</strong></span> <span class='ocrx_word' id='word_1_175' title='bbox 740 2649 806 2717; x_wconf 91' lang='lat' dir='ltr'>hoe</span> <span class='ocrx_word' id='word_1_176' title='bbox 818 2646 861 2715; x_wconf 83' lang='lat' dir='ltr'>ed</span> <span class='ocrx_word' id='word_1_177' title='bbox 877 2648 1010 2738; x_wconf 85' lang='lat' dir='ltr'>mejam</span> <span class='ocrx_word' id='word_1_178' title='bbox 1025 2671 1094 2715; x_wconf 89' lang='lat' dir='ltr'>non</span> <span class='ocrx_word' id='word_1_179' title='bbox 1110 2647 1283 2739; x_wconf 81' lang='lat' dir='ltr'>pertinet,</span> <span class='ocrx_word' id='word_1_180' title='bbox 1299 2645 1385 2714; x_wconf 92' lang='lat' dir='ltr'>illud</span> 
     </span>
     <span class='ocr_line' id='line_1_21' title="bbox 264 2762 1205 2857; baseline -0.004 -24"><span class='ocrx_word' id='word_1_181' title='bbox 264 2776 293 2842; x_wconf 79' lang='lat'>¹4</span> <span class='ocrx_word' id='word_1_182' title='bbox 318 2763 480 2833; x_wconf 89' lang='lat' dir='ltr'>nondum.</span> <span class='ocrx_word' id='word_1_183' title='bbox 503 2765 545 2838; x_wconf 87' lang='lat' dir='ltr'>In</span> <span class='ocrx_word' id='word_1_184' title='bbox 562 2765 645 2857; x_wconf 70' lang='lat' dir='ltr'>ipsit</span> <span class='ocrx_word' id='word_1_185' title='bbox 661 2765 791 2856; x_wconf 85' lang='lat' dir='ltr'>poeitue</span> <span class='ocrx_word' id='word_1_186' title='bbox 809 2762 1069 2833; x_wconf 74' lang='lat' dir='ltr'>difficultatibus</span> <span class='ocrx_word' id='word_1_187' title='bbox 1087 2762 1177 2831; x_wconf 78' lang='lat' dir='ltr'>dicet</span> <span class='ocrx_word' id='word_1_188' title='bbox 1198 2788 1205 2829; x_wconf 92' lang='lat'><strong>:</strong></span> 
     </span>
    </p>
   </div>
   <div class='ocr_carea' id='block_1_2' title="bbox 480 2922 1200 2997">
    <p class='ocr_par' dir='ltr' id='par_1_2' title="bbox 480 2922 1200 2997">
     <span class='ocr_line' id='line_1_22' title="bbox 480 2922 1200 2997; baseline 0.01 -22"><span class='ocrx_word' id='word_1_189' title='bbox 480 2958 620 2976; x_wconf 80' lang='lat'><strong>.........</strong></span> <span class='ocrx_word' id='word_1_190' title='bbox 629 2924 728 2977; x_wconf 72' lang='lat' dir='ltr'>Forte·</span> <span class='ocrx_word' id='word_1_191' title='bbox 738 2936 764 2977; x_wconf 88' lang='lat' dir='ltr'>et</span> <span class='ocrx_word' id='word_1_192' title='bbox 773 2924 829 2985; x_wconf 65' lang='lat' dir='ltr'>hee</span> <span class='ocrx_word' id='word_1_193' title='bbox 838 2922 902 2976; x_wconf 85' lang='lat' dir='ltr'>olim</span> <span class='ocrx_word' id='word_1_194' title='bbox 914 2925 1057 2987; x_wconf 69' lang='lat' dir='ltr'>meminisse</span> <span class='ocrx_word' id='word_1_195' title='bbox 1068 2924 1200 2997; x_wconf 68' lang='lat' dir='ltr'>jurebit³l</span> 
     </span>
    </p>
   </div>
   <div class='ocr_carea' id='block_1_3' title="bbox 312 3058 1384 3257">
    <p class='ocr_par' dir='ltr' id='par_1_3' title="bbox 312 3058 1384 3257">
     <span class='ocr_line' id='line_1_23' title="bbox 314 3058 1384 3151; baseline -0.002 -26"><span class='ocrx_word' id='word_1_196' title='bbox 314 3060 401 3125; x_wconf 85' lang='lat' dir='ltr'>Toto</span> <span class='ocrx_word' id='word_1_197' title='bbox 416 3073 534 3129; x_wconf 84' lang='lat' dir='ltr'>contra</span> <span class='ocrx_word' id='word_1_198' title='bbox 551 3058 648 3125; x_wconf 88' lang='lat' dir='ltr'>illum</span> <span class='ocrx_word' id='word_1_199' title='bbox 665 3073 796 3151; x_wconf 81' lang='lat' dir='ltr'>pugnet</span> <span class='ocrx_word' id='word_1_200' title='bbox 813 3060 925 3127; x_wconf 86' lang='lat' dir='ltr'>animo</span> <span class='ocrx_word' id='word_1_201' title='bbox 948 3085 956 3125; x_wconf 73' lang='grc' dir='ltr'><strong>ι</strong></span> <span class='ocrx_word' id='word_1_202' title='bbox 976 3059 1154 3139; x_wconf 82' lang='lat' dir='ltr'>vincetur,</span> <span class='ocrx_word' id='word_1_203' title='bbox 1175 3060 1204 3125; x_wconf 79' lang='lat' dir='ltr'>ei</span> <span class='ocrx_word' id='word_1_204' title='bbox 1222 3058 1384 3141; x_wconf 72' lang='lat' dir='ltr'>oeeeerit3</span> 
     </span>
     <span class='ocr_line' id='line_1_24' title="bbox 312 3172 1383 3257; baseline -0.004 -13"><span class='ocrx_word' id='word_1_205' title='bbox 312 3176 443 3257; x_wconf 83' lang='lat' dir='ltr'>vincet,</span> <span class='ocrx_word' id='word_1_206' title='bbox 463 3176 492 3243; x_wconf 82' lang='lat' dir='ltr'>ei</span> <span class='ocrx_word' id='word_1_207' title='bbox 510 3198 547 3243; x_wconf 84' lang='lat' dir='ltr'>oe</span> <span class='ocrx_word' id='word_1_208' title='bbox 563 3190 682 3245; x_wconf 83' lang='lat' dir='ltr'>eontra</span> <span class='ocrx_word' id='word_1_209' title='bbox 698 3174 851 3245; x_wconf 89' lang='lat' dir='ltr'>dolorem</span> <span class='ocrx_word' id='word_1_210' title='bbox 867 3199 965 3243; x_wconf 81' lang='lat' dir='ltr'>suum</span> <span class='ocrx_word' id='word_1_211' title='bbox 984 3172 1184 3243; x_wconf 88' lang='lat' dir='ltr'>intenderit.</span> <span class='ocrx_word' id='word_1_212' title='bbox 1201 3176 1304 3243; x_wconf 87' lang='lat' dir='ltr'>Nune</span> <span class='ocrx_word' id='word_1_213' title='bbox 1315 3172 1383 3241; x_wconf 88' lang='lat' dir='ltr'>hoe</span> 
     </span>
    </p>
   </div>
   <div class='ocr_carea' id='block_1_4' title="bbox 310 3408 1385 4266">
    <p class='ocr_par' dir='ltr' id='par_1_4' title="bbox 311 3408 1385 3647">
     <span class='ocr_line' id='line_1_25' title="bbox 312 3408 1385 3491; baseline -0.002 -20"><span class='ocrx_word' id='word_1_214' title='bbox 312 3438 391 3489; x_wconf 79' lang='lat' dir='ltr'>quum</span> <span class='ocrx_word' id='word_1_215' title='bbox 409 3418 542 3491; x_wconf 65' lang='lat' dir='ltr'>auspiceris</span> <span class='ocrx_word' id='word_1_216' title='bbox 559 3438 618 3471; x_wconf 84' lang='lat' dir='ltr'>eum</span> <span class='ocrx_word' id='word_1_217' title='bbox 633 3408 819 3479; x_wconf 79' lang='lat' dir='ltr'>edvenlurnrn.</span> <span class='ocrx_word' id='word_1_218' title='bbox 870 3438 927 3471; x_wconf 83' lang='lat' dir='ltr'>rum</span> <span class='ocrx_word' id='word_1_219' title='bbox 947 3419 1090 3483; x_wconf 82' lang='lat' dir='ltr'>melorum,</span> <span class='ocrx_word' id='word_1_220' title='bbox 1109 3434 1166 3488; x_wconf 70' lang='lat' dir='ltr'>quo</span> <span class='ocrx_word' id='word_1_221' title='bbox 1188 3417 1385 3489; x_wconf 68' lang='lat' dir='ltr'>perpatuerit,</span> 
     </span>
     <span class='ocr_line' id='line_1_26' title="bbox 312 3494 1383 3563; baseline 0.001 -15"><span class='ocrx_word' id='word_1_222' title='bbox 312 3494 371 3549; x_wconf 83' lang='lat' dir='ltr'>lieet</span> <span class='ocrx_word' id='word_1_223' title='bbox 387 3495 412 3547; x_wconf 85' lang='lat' dir='ltr'>ei</span> <span class='ocrx_word' id='word_1_224' title='bbox 432 3495 551 3548; x_wconf 67' lang='lat' dir='ltr'>remediis</span> <span class='ocrx_word' id='word_1_225' title='bbox 567 3515 713 3563; x_wconf 75' lang='lat' dir='ltr'>occurrere,</span> <span class='ocrx_word' id='word_1_226' title='bbox 729 3494 821 3547; x_wconf 79' lang='lat' dir='ltr'>immi·</span> <span class='ocrx_word' id='word_1_227' title='bbox 868 3516 894 3555; x_wconf 70' lang='lat' dir='ltr'>ee</span> <span class='ocrx_word' id='word_1_228' title='bbox 907 3496 1028 3549; x_wconf 83' lang='lat' dir='ltr'>mirerum</span> <span class='ocrx_word' id='word_1_229' title='bbox 1036 3495 1117 3547; x_wconf 81' lang='lat' dir='ltr'>leciet.</span> <span class='ocrx_word' id='word_1_230' title='bbox 1127 3494 1202 3549; x_wconf 75' lang='lat' dir='ltr'>Enim</span> <span class='ocrx_word' id='word_1_231' title='bbox 1211 3514 1273 3547; x_wconf 80' lang='lat' dir='ltr'>rere</span> <span class='ocrx_word' id='word_1_232' title='bbox 1282 3508 1307 3547; x_wconf 90' lang='lat' dir='ltr'>et</span> <span class='ocrx_word' id='word_1_233' title='bbox 1313 3495 1383 3549; x_wconf 84' lang='lat' dir='ltr'>bono</span> 
     </span>
     <span class='ocr_line' id='line_1_27' title="bbox 311 3573 1383 3647; baseline 0.001 -21"><span class='ocrx_word' id='word_1_234' title='bbox 311 3584 464 3643; x_wconf 78' lang='lat' dir='ltr'>mentemque</span> <span class='ocrx_word' id='word_1_235' title='bbox 476 3574 603 3647; x_wconf 84' lang='lat' dir='ltr'>repellere.</span> <span class='ocrx_word' id='word_1_236' title='bbox 868 3592 914 3629; x_wconf 82' lang='lat' dir='ltr'>tuo</span> <span class='ocrx_word' id='word_1_237' title='bbox 935 3573 1103 3629; x_wconf 69' lang='lat' dir='ltr'>monotheo</span> <span class='ocrx_word' id='word_1_238' title='bbox 1121 3574 1175 3646; x_wconf 76' lang='lat' dir='ltr'>ipre</span> <span class='ocrx_word' id='word_1_239' title='bbox 1196 3574 1338 3641; x_wconf 83' lang='lat' dir='ltr'>memorie,</span> <span class='ocrx_word' id='word_1_240' title='bbox 1361 3575 1383 3627; x_wconf 76' lang='lat' dir='ltr'>ei</span> 
     </span>
    </p>

    <p class='ocr_par' dir='ltr' id='par_1_5' title="bbox 310 3651 1384 4035">
     <span class='ocr_line' id='line_1_28' title="bbox 347 3651 1384 3723; baseline 0.003 -21"><span class='ocrx_word' id='word_1_241' title='bbox 347 3669 369 3703; x_wconf 91' lang='grc' dir='ltr'>ι.</span> <span class='ocrx_word' id='word_1_242' title='bbox 380 3653 430 3704; x_wconf 74' lang='lat' dir='ltr'>Aa</span> <span class='ocrx_word' id='word_1_243' title='bbox 440 3655 585 3718; x_wconf 81' lang='lat' dir='ltr'>opinionem</span> <span class='ocrx_word' id='word_1_244' title='bbox 596 3653 721 3704; x_wconf 73' lang='lat' dir='ltr'>dolemus.</span> <span class='ocrx_word' id='word_1_245' title='bbox 731 3652 819 3719; x_wconf 80' lang='lat' dir='ltr'>Quem</span> <span class='ocrx_word' id='word_1_246' title='bbox 869 3653 925 3723; x_wconf 78' lang='lat' dir='ltr'>quis</span> <span class='ocrx_word' id='word_1_247' title='bbox 939 3653 1112 3707; x_wconf 74' lang='lat' dir='ltr'>fortitudinem</span> <span class='ocrx_word' id='word_1_248' title='bbox 1124 3651 1314 3717; x_wconf 81' lang='lat' dir='ltr'>reminireetur,</span> <span class='ocrx_word' id='word_1_249' title='bbox 1330 3672 1384 3722; x_wconf 76' lang='lat' dir='ltr'>qne</span> 
     </span>
     <span class='ocr_line' id='line_1_29' title="bbox 311 3726 1384 3798; baseline -0.004 -13"><span class='ocrx_word' id='word_1_250' title='bbox 311 3729 404 3785; x_wconf 79' lang='lat' dir='ltr'>multoe</span> <span class='ocrx_word' id='word_1_251' title='bbox 414 3728 818 3798; x_wconf 76' lang='lat' dir='ltr'>viderir,qoileviteimomaloel·</span> <span class='ocrx_word' id='word_1_252' title='bbox 868 3730 919 3784; x_wconf 79' lang='lat' dir='ltr'>illie</span> <span class='ocrx_word' id='word_1_253' title='bbox 929 3726 1009 3783; x_wconf 77' lang='lat' dir='ltr'>¹malie</span> <span class='ocrx_word' id='word_1_254' title='bbox 1026 3728 1161 3783; x_wconf 72' lang='lat' dir='ltr'>audentior</span> <span class='ocrx_word' id='word_1_255' title='bbox 1173 3728 1277 3781; x_wconf 77' lang='lat' dir='ltr'>obviem</span> <span class='ocrx_word' id='word_1_256' title='bbox 1291 3729 1384 3793; x_wconf 78' lang='lat' dir='ltr'>iverit,</span> 
     </span>
     <span class='ocr_line' id='line_1_30' title="bbox 311 3804 1382 3879; baseline 0.001 -21"><span class='ocrx_word' id='word_1_257' title='bbox 311 3807 370 3861; x_wconf 76' lang='lat' dir='ltr'>teeti</span> <span class='ocrx_word' id='word_1_258' title='bbox 382 3808 433 3879; x_wconf 79' lang='lat' dir='ltr'>jem</span> <span class='ocrx_word' id='word_1_259' title='bbox 442 3806 588 3879; x_wconf 85' lang='lat' dir='ltr'>impendere</span> <span class='ocrx_word' id='word_1_260' title='bbox 598 3818 705 3859; x_wconf 86' lang='lat' dir='ltr'>mortem</span> <span class='ocrx_word' id='word_1_261' title='bbox 715 3816 817 3876; x_wconf 80' lang='lat' dir='ltr'>potent,</span> <span class='ocrx_word' id='word_1_262' title='bbox 869 3806 978 3876; x_wconf 82' lang='lat' dir='ltr'>ideoque</span> <span class='ocrx_word' id='word_1_263' title='bbox 1004 3819 1028 3858; x_wconf 91' lang='lat' dir='ltr'>et</span> <span class='ocrx_word' id='word_1_264' title='bbox 1056 3805 1172 3859; x_wconf 75' lang='lat' dir='ltr'>eamdem</span> <span class='ocrx_word' id='word_1_265' title='bbox 1203 3804 1382 3859; x_wconf 77' lang='lat' dir='ltr'>fortimdinetn</span> 
     </span>
     <span class='ocr_line' id='line_1_31' title="bbox 310 3880 1383 3959; baseline -0.005 -19"><span class='ocrx_word' id='word_1_266' title='bbox 310 3886 522 3959; x_wconf 66' lang='lat' dir='ltr'>gravissimosque</span> <span class='ocrx_word' id='word_1_267' title='bbox 540 3884 640 3939; x_wconf 80' lang='lat' dir='ltr'>doloret</span> <span class='ocrx_word' id='word_1_268' title='bbox 656 3906 685 3939; x_wconf 81' lang='lat' dir='ltr'>ex</span> <span class='ocrx_word' id='word_1_269' title='bbox 699 3884 819 3959; x_wconf 85' lang='lat' dir='ltr'>opinione</span> <span class='ocrx_word' id='word_1_270' title='bbox 868 3904 937 3938; x_wconf 84' lang='lat' dir='ltr'>nunc</span> <span class='ocrx_word' id='word_1_271' title='bbox 951 3896 1038 3937; x_wconf 81' lang='lat' dir='ltr'>contre</span> <span class='ocrx_word' id='word_1_272' title='bbox 1051 3883 1104 3937; x_wconf 73' lang='lat' dir='ltr'>hee</span> <span class='ocrx_word' id='word_1_273' title='bbox 1116 3883 1169 3952; x_wconf 74' lang='lat' dir='ltr'>ipre</span> <span class='ocrx_word' id='word_1_274' title='bbox 1187 3882 1254 3935; x_wconf 83' lang='lat' dir='ltr'>bene</span> <span class='ocrx_word' id='word_1_275' title='bbox 1274 3880 1383 3937; x_wconf 75' lang='lat' dir='ltr'>adhibi·-</span> 
     </span>
     <span class='ocr_line' id='line_1_32' title="bbox 311 3957 1226 4035; baseline -0.007 -18"><span class='ocrx_word' id='word_1_276' title='bbox 311 3984 355 4017; x_wconf 66' lang='grc' dir='ltr'>ωε</span> <span class='ocrx_word' id='word_1_277' title='bbox 370 3963 512 4035; x_wconf 81' lang='lat' dir='ltr'>peliuntur!</span> <span class='ocrx_word' id='word_1_278' title='bbox 868 3973 953 4015; x_wconf 84' lang='lat' dir='ltr'>turum</span> <span class='ocrx_word' id='word_1_279' title='bbox 966 3980 992 4013; x_wconf 86' lang='lat' dir='ltr'>te</span> <span class='ocrx_word' id='word_1_280' title='bbox 1004 3957 1122 4013; x_wconf 79' lang='lat' dir='ltr'>confidet.</span> <span class='ocrx_word' id='word_1_281' title='bbox 1134 3958 1226 4011; x_wconf 68' lang='lat' dir='ltr'>Mt.</span> 
     </span>
    </p>

    <p class='ocr_par' dir='ltr' id='par_1_6' title="bbox 435 4032 1340 4063">
     <span class='ocr_line' id='line_1_33' title="bbox 435 4032 1340 4063; baseline -0.002 -6"><span class='ocrx_word' id='word_1_282' title='bbox 435 4046 440 4057; x_wconf 88' lang='lat'>.</span> <span class='ocrx_word' id='word_1_283' title='bbox 471 4049 476 4059; x_wconf 94' lang='grc'><em>,</em></span> <span class='ocrx_word' id='word_1_284' title='bbox 645 4044 650 4057; x_wconf 79' lang='grc' dir='ltr'>ι</span> <span class='ocrx_word' id='word_1_285' title='bbox 785 4042 790 4055; x_wconf 84' lang='grc' dir='ltr'>ι</span> <span class='ocrx_word' id='word_1_286' title='bbox 1080 4042 1086 4055; x_wconf 79' lang='grc' dir='ltr'><strong><em>ι</em></strong></span> <span class='ocrx_word' id='word_1_287' title='bbox 1159 4040 1164 4053; x_wconf 82' lang='grc' dir='ltr'>ι</span> <span class='ocrx_word' id='word_1_288' title='bbox 1184 4037 1190 4063; x_wconf 69' lang='lat' dir='ltr'>p</span> <span class='ocrx_word' id='word_1_289' title='bbox 1334 4032 1340 4045; x_wconf 89' lang='lat'><strong>·</strong></span> 
     </span>
    </p>

    <p class='ocr_par' dir='ltr' id='par_1_7' title="bbox 311 4035 1384 4266">
     <span class='ocr_line' id='line_1_34' title="bbox 311 4035 1384 4189; baseline -0.019 -19"><span class='ocrx_word' id='word_1_290' title='bbox 311 4039 822 4189; x_wconf 59' lang='lat' dir='ltr'>eiirliil&#39;iffl&#39;iiiiiiifflii</span> <span class='ocrx_word' id='word_1_291' title='bbox 871 4035 1296 4184; x_wconf 56' lang='lat' dir='ltr'>miiii&#39;iiliiiii‘idiii</span> <span class='ocrx_word' id='word_1_292' title='bbox 1305 4035 1384 4165; x_wconf 64' lang='lat' dir='ltr'>‚iil</span> 
     </span>
     <span class='ocr_line' id='line_1_35' title="bbox 311 4194 1048 4266; baseline -0.009 -14"><span class='ocrx_word' id='word_1_293' title='bbox 311 4208 352 4253; x_wconf 78' lang='lat' dir='ltr'>tur</span> <span class='ocrx_word' id='word_1_294' title='bbox 370 4196 484 4265; x_wconf 75' lang='lat' dir='ltr'>urenti,</span> <span class='ocrx_word' id='word_1_295' title='bbox 498 4216 531 4251; x_wconf 91' lang='lat' dir='ltr'>ne</span> <span class='ocrx_word' id='word_1_296' title='bbox 544 4197 601 4266; x_wconf 78' lang='lat' dir='ltr'>quit</span> <span class='ocrx_word' id='word_1_297' title='bbox 612 4196 734 4251; x_wconf 79' lang='lat' dir='ltr'>memorie</span> <span class='ocrx_word' id='word_1_298' title='bbox 748 4208 821 4249; x_wconf 82' lang='lat' dir='ltr'>vete·</span> <span class='ocrx_word' id='word_1_299' title='bbox 871 4208 947 4251; x_wconf 85' lang='lat' dir='ltr'>cetur.</span> <span class='ocrx_word' id='word_1_300' title='bbox 959 4194 1048 4247; x_wconf 70' lang='lat' dir='ltr'>flate</span> 
     </span>
    </p>
   </div>
   <div class='ocr_carea' id='block_1_5' title="bbox 0 0 1492 4992">
    <p class='ocr_par' dir='ltr' id='par_1_8' title="bbox 0 0 1492 4992">
     <span class='ocr_line' id='line_1_36' title="bbox 0 0 1492 4992; baseline 0 3"><span class='ocrx_word' id='word_1_301' title='bbox 0 0 1492 4992; x_wconf 95' lang='lat' dir='ltr'> </span> 
     </span>
    </p>
   </div>
  </div>
 </body>
</html>
