2975 4992
368 420 413 504 34
476 447 480 453 ’
630 422 664 489 J.
688 417 1177 498 SCHWEIGHAEUSERI

366 559 466 625 Notas
478 560 613 623 exhibuit
627 562 704 624 milei
722 563 776 626 illa
796 566 917 647 Operm
932 567 1049 630 Senecoe
1062 567 1170 646 editio,
1186 591 1252 652 quae
1265 593 1334 636 cnm
1348 572 1430 638 Notis

366 669 522 730 variorum
543 670 703 732 doctorum
728 673 866 734 virorum
887 674 1096 738 Amstelodumi
1118 679 1197 760 oprrd
1218 677 1295 742 Dore.
1319 681 1452 748 Etseotr„

365 791 539 848 uocnxxtt,
559 775 658 839 tribus
677 778 748 840 roll.
763 778 863 840 forma
876 793 936 842 oct.
948 782 1078 863 prodiit,
1092 803 1154 844 non
1167 783 1221 844 illa
1235 784 1352 870 abipso
1368 788 1429 868 qui-

364 885 436 948 dem
449 879 610 944 Gronorio
624 897 746 956 curata;
760 887 813 948 sed
827 887 876 948 cui
889 887 1028 969 praelatus
1040 885 1121 950 Dan.
1131 885 1298 952 Elsevirins
1310 891 1428 973 profite-

363 1004 424 1065 tur,
439 971 579 1054 exhiberi
587 991 621 1050 in
636 1011 673 1052 ea
685 1003 846 1054 oculatam
857 995 938 1054 ιἸΙιιιη
947 1037 957 1066 ,
966 1016 1046 1075 quau
1065 994 1221 1056 Gronovius
1232 997 1349 1060 dedam
1359 999 1426 1058 utst-

363 1121 441 1158 mum
472 1097 565 1181 (eum
593 1113 666 1182 puto
681 1143 691 1174 ,
717 1099 771 1179 qui
793 1100 825 1160 in
850 1103 957 1160 mincii
982 1101 1160 1162 Elseor'rimo
1180 1123 1260 1166 anno
1288 1119 1426 1164 unctum

362 1206 491 1288 repetita
510 1205 750 1282 munnebatur),
773 1205 922 1288 Noturqm
942 1207 1066 1288 ejusdem
1084 1229 1181 1268 annes
1202 1228 1268 1270 esse
1293 1209 1427 1291 adjectas.

362 1309 467 1392 Quum
479 1315 570 1374 alteru
586 1312 640 1373 illa
652 1316 746 1374 minor
758 1313 952 1388 Elseoiru'unu,
971 1335 1062 1395 quam
1075 1315 1168 1376 modo
1180 1314 1351 1392 nominavi,
1370 1337 1426 1376 non

362 1432 441 1482 esset
453 1421 493 1480 ad
504 1439 613 1480 manus
623 1446 632 1490 ;
644 1420 677 1480 in
687 1419 765 1483 locis
776 1420 944 1496 nonnullis,
956 1421 1009 1482 ubi
1022 1420 1167 1482 dubitatio
1178 1421 1278 1503 aliqua
1291 1421 1366 1482 milti
1378 1423 1426 1484 ob

360 1526 439 1605 jecta
455 1538 534 1601 crat,
550 1527 672 1605 perorem
691 1525 825 1608 inspexi,
850 1547 916 1608 qnae
937 1547 1017 1588 anno
1034 1543 1177 1588 uncxntx
1191 1529 1319 1611 prodiit,
1347 1530 1425 1611 eujus

360 1643 468 1712 quarto
481 1645 566 1694 tomo
584 1632 720 1692 Gronoori'
731 1633 768 1692 N
767 1645 823 1694 otoe
836 1633 1035 1697 continentur.

399 1738 558 1823 Nuperam
568 1739 722 1821 Rublorfii
728 1743 877 1802 edituirnem
887 1755 1058 1804 constanter
1068 1763 1086 1804 a
1096 1763 1145 1806 me
1154 1743 1245 1805 inisse
1253 1743 1423 1827 inspectam,

324 1848 327 1855 ‘
357 1844 404 1905 nil
413 1865 490 1928 opus
509 1859 556 1908 est
574 1859 608 1906 ut
629 1846 782 1929 conceptis
804 1847 905 1910 verbis
927 1846 1081 1931 profitear.
1095 1846 1166 1930 Qua
1179 1851 1216 1911 de
1230 1851 1359 1912 editione
1371 1850 1426 1914 boc

358 1950 428 2014 loco
443 1952 586 2031 judicium
601 1953 796 2034 interponere
810 1973 912 2014 meum
927 1943 1182 2036 nonprresumam
1196 1978 1204 2013 ι
1220 1955 1295 2016 inter
1304 1956 1388 2018 illam
1398 1968 1426 2018 et

356 2071 493 2119 nostram
506 2059 601 2138 (quod
616 2059 656 2119 ad
666 2055 830 2122 Contentus
845 2060 1089 2122 constitutionem
1103 2061 1242 2144 pertinet)
1252 2063 1324 2142 quid
1334 2063 1426 2124 inter·

358 2166 411 2238 sit,
426 2165 559 2226 eruditus
569 2162 868 2246 aequusquebector,
884 2163 1005 2238 Senecae
1022 2167 1119 2231 nostri
1135 2168 1298 2243 studiosus,
1316 2170 1378 2231 sive
1392 2191 1424 2232 ex

358 2272 511 2351 utriusque
529 2271 608 2332 inter
630 2291 663 2332 sc
684 2270 863 2345 collatione,
879 2271 942 2333 sire
966 2292 1002 2332 ex
1016 2271 1079 2348 his,
1095 2293 1160 2352 qtue
1172 2273 1203 2332 in
1218 2271 1307 2336 Notis
1320 2273 1426 2335 nostris

357 2377 541 2452 afferuntur,
555 2377 757 2438 aestimaverit.
769 2376 850 2455 ¹lllnd
859 2378 980 2439 interim
988 2377 1116 2462 ingenue
1128 2378 1281 2462 profiteor,
1293 2381 1425 2464 gavisum

357 2505 408 2546 me
423 2505 488 2546 esse
501 2484 604 2545 mulus
616 2483 722 2566 probis
732 2483 911 2558 lectionibus
925 2483 957 2544 in
973 2497 1144 2546 contextum
1159 2505 1179 2548 a
1193 2485 1352 2567 Rubkupfio
1362 2507 1425 2568 pas-

356 2589 416 2653 sim
432 2591 576 2674 receptis3
592 2590 668 2652 alias
680 2589 827 2666 doluisse,
849 2611 958 2673 parum
971 2589 1100 2654 feliciter
1110 2593 1156 2668 (ut
1168 2591 1243 2652 mibi
1256 2592 1424 2670 ridebatur)

356 2698 533 2779 adoptatas,
549 2696 681 2781 Plurima¹
696 2716 770 2758 reru
784 2695 851 2758 loca
867 2697 977 2758 intacta
991 2697 1113 2774 relicta,
1126 2697 1233 2779 quibus
1247 2697 1424 2762 hauddubie

357 2805 507 2887 corruptis
515 2816 654 2886 paratam
663 2803 847 2878 medicinam
858 2801 1027 2864 offerebant
1040 2823 1082 2864 en
1092 2804 1203 2888 copiae,
1215 2825 1280 2885 qtae
1291 2802 1422 2881 Editori,

358 2931 451 2990 quum
461 2906 584 2972 &neom
594 2906 749 2990 Epistulas
761 2921 1007 2991 recognosceret,
1021 2922 1131 2991 praesto
1141 2908 1274 2986 fuerant,
1291 2924 1322 2973 et
1333 2912 1426 2973 mira·

357 3028 421 3077 tum
437 3037 503 3078 esse
517 3029 548 3079 et
558 3037 637 3098 mgre
653 3014 766 3077 tulisse.

398 3119 595 3206 lstis'igitur,
621 3143 686 3203 quae
709 3120 853 3182 hactenus
873 3119 1011 3204 exposui,
1035 3141 1128 3202 quum
1151 3121 1308 3183 instructus
1330 3142 1424 3183 essem

356 3231 519 3316 presidiis,
534 3229 609 3290 nihil
621 3230 717 3312 magis
725 3229 891 3292 habueram
905 3230 937 3290 in
948 3229 1040 3305 rotis,
1057 3251 1148 3311 quarn
1157 3243 1190 3292 ut
1202 3229 1273 3292 satis
1288 3229 1343 3292 otii
1352 3229 1423 3292 mibi

356 3350 543 3422 superesset,
555 3358 616 3418 qno
624 3349 748 3406 cuncta,
764 3357 828 3417 quae
841 3336 1078 3419 adjudicandam
1090 3357 1193 3398 reram
1207 3336 1424 3420 genuinamque

357 3444 488 3506 auctoris
499 3444 678 3528 scripturam
697 3443 882 3526 pertinerent
889 3459 906 3519 ,·
916 3443 1088 3504 minutatim
1101 3457 1253 3521 excutere,
1269 3457 1299 3506 et
1318 3465 1354 3506 ea
1368 3449 1424 3524 qua

359 3573 414 3635 par
430 3565 497 3613 crat
508 3550 662 3634 diligentia
674 3551 862 3634 perpendere
880 3570 1011 3634 possem.
1027 3549 1201 3628 Sedenim,
1217 3549 1286 3614 binc
1298 3550 1425 3635 urgenti-

357 3660 413 3722 bus
424 3659 495 3720 aliis
510 3657 770 3741 occupationibus,
783 3677 820 3719 ac
829 3657 954 3718 subinde
968 3657 1059 3718 etiam
1072 3656 1255 3740 impediente
1268 3656 1424 3718 oculorum

356 3763 528 3842 debilitate,
543 3765 626 3827 illine
638 3764 793 3851 typotheta
805 3764 950 3836 instante,
963 3777 993 3826 et
1002 3763 1189 3826 elaboratam
1204 3765 1364 3826 materiam
1374 3763 1424 3824 lle-

356 3872 467 3956 gitante
480 3871 560 3958 typis
571 3871 815 3948 exscribendam,
827 3871 1052 3954 deproperanda
1064 3869 1241 3954 plerumque
1254 3892 1348 3956 opera
1359 3871 1422 3946 fuit,

356 3992 391 4042 nt
408 3979 539 4042 multum
565 3981 644 4043 intra
664 3977 849 4039 voluntatem
869 3976 1031 4038 substiterit
1051 3977 1183 4040 ellectus.
1205 3977 1297 4058 Quod
1311 3991 1344 4040 ut
1361 3978 1424 4062 ipse

357 4107 544 4170 magnopere
559 4086 666 4157 doleo,
679 4084 723 4147 sic
735 4085 767 4146 id
779 4085 860 4165 quod
870 4104 888 4144 a
898 4082 986 4144 nobis
1000 4083 1160 4164 praestitum
1174 4097 1235 4160 cst,
1251 4083 1426 4164 qtralecum-

357 4214 415 4273 que
430 4195 506 4274 illud
520 4195 572 4271 sit,
589 4194 665 4274 :eqni
675 4192 807 4275 bonique
819 4191 954 4254 consulat
967 4190 1114 4252 studiosus
1129 4185 1351 4254 Lectorrelim.
