2975 4992
342 431 406 495 258
629 431 670 495 L.
695 424 872 493 ANNAEI
895 424 1106 495 SENECAE

338 563 556 617 contemnere
568 552 593 633 ¹¹,
606 572 646 617 ue
658 548 841 616 mediocria
860 547 959 615 malle
975 571 1078 639 quum
1093 548 1197 615 nimiu
1215 574 1224 613 ε
1241 548 1297 616 illu
1315 554 1398 620 enim

337 666 650 759 utiliavitaliaque²
664 680 763 749 sunt;
779 681 815 733 at
826 664 916 751 haec,
929 688 970 733 eo
983 662 1077 757 quod
1090 662 1335 758 superfluunt³,
1348 695 1401 737 uo-

338 801 428 852 cent.
450 784 505 852 Sic
519 798 668 877 segetem
681 783 788 851 nimia
809 783 931 851 sternit
950 782 1109 869 ubertas3
1129 783 1179 850 sic
1198 786 1281 851 rami
1303 808 1401 855 onere

338 902 565 994 franguntur,
585 900 635 969 sio
652 899 697 969 ad
721 900 947 968 maturitatem
965 924 1035 967 non
1052 901 1210 993 pervenit
1227 901 1330 969 nimia
1354 903 1400 970 fe-

337 1017 507 1087 cunditas.
523 1017 618 1085 Idem
637 1016 759 1085 animis
772 1040 909 1110 quoque
926 1018 1061 1099 evenit,
1089 1041 1174 1109 quos
1187 1017 1402 1088 immoderata

339 1134 481 1202 felicitas
494 1132 640 1226 rumpit3
653 1157 720 1223 qua
729 1156 799 1199 non
812 1147 942 1200 tantum
952 1133 989 1199 in
999 1132 1144 1200 aliorum
1153 1132 1332 1223 injurium,
1348 1135 1403 1203 sed

298 1267 313 1320 5
338 1252 439 1319 etiam
453 1252 616 1332 insuam,
638 1264 781 1316 utuntur
795 1242 823 1314 ⁴.
839 1249 928 1340 Quis
941 1249 1049 1317 hostis
1064 1250 1101 1316 in
1118 1242 1323 1343 quemquam
1339 1268 1404 1321 tam

338 1365 602 1435 contumeliosus
613 1364 692 1447 fuit,
700 1388 802 1456 quam
815 1363 852 1430 in
861 1364 1025 1455 quosdam
1037 1364 1227 1460 voluptates
1235 1391 1305 1435 suae
1314 1370 1406 1436 sunt?

340 1506 485 1573 quorum
499 1480 710 1573 impotentiae
728 1493 832 1571 atque
849 1478 976 1547 insanae
997 1478 1134 1547 libidini
1153 1478 1197 1548 ob
1218 1481 1284 1549 hoc
1303 1506 1405 1549 unum

340 1601 447 1693 possis
461 1600 657 1693 ignoscere,
679 1594 792 1688 quod,
806 1619 883 1688 quae
897 1596 1030 1680 iecere,
1048 1594 1237 1692 patiuntirr.
1257 1602 1290 1667 N
1291 1622 1331 1667 ec
1344 1602 1405 1667 im-

338 1719 459 1785 merito
475 1714 533 1784 hic
553 1715 630 1783 illos
653 1714 748 1782 furor
759 1729 858 1783 vexat
875 1740 883 1779 ι
900 1738 1039 1782 necesse
1055 1729 1106 1782 est
1125 1716 1163 1784 in
1186 1706 1408 1785 ⁵immensum

337 1846 435 1898 exeat
453 1827 643 1923 cupiditas,
673 1851 749 1919 quae
775 1826 964 1894 naturalem
995 1826 1132 1895 modum
1158 1827 1322 1897 transilit.
1350 1830 1410 1896 llla

337 1948 428 2014 enim
442 1946 545 2014 habet
563 1968 661 2011 suum
679 1944 783 2010 finem
793 1934 820 2027 ⁶3
837 1944 953 2010 inania
974 1958 1009 2010 et
1029 1968 1071 2011 ex
1092 1943 1237 2011 libidine
1250 1962 1325 2011 orta
1340 1948 1410 2013 sine

337 2065 481 2131 termino
510 2078 601 2129 sunt.
634 2060 831 2129 Necessaria
855 2061 993 2127 metitur
1012 2060 1140 2128 utilitas
1168 2087 1176 2129 ε
1203 2084 1411 2154 supervacua

295 2218 310 2263 0
337 2204 405 2271 quo
421 2178 576 2270 redigis?
589 2162 826 2268 Voluptritibus
842 2176 956 2271 itaque
972 2199 1008 2244 se
1023 2191 1203 2268 mergrmt,
1224 2177 1355 2268 quibus
1377 2179 1411 2243 in

337 2294 617 2365 consuetudinem
640 2292 796 2360 adductis
818 2314 934 2361 carere
955 2316 1025 2361 non
1046 2309 1188 2387 possunt
1205 2320 1212 2359 :
1228 2310 1263 2360 et
1280 2292 1328 2362 ob
1350 2292 1413 2361 hoc

337 2544 408 2585 vetus
424 2531 601 2599 Erasmusque.
622 2528 744 2581 Gruterus
765 2539 849 2583 tamen
897 2528 949 2580 bris
967 2530 1058 2582 nostris
1073 2544 1254 2602 permutantur.
1270 2531 1415 2601 Schmigrl.

338 2609 457 2662 reducere
465 2628 490 2660 se
498 2608 533 2660 ait
542 2605 851 2675 voculrmetsussuquiu·
931 2609 956 2672 4.
967 2608 1089 2661 Umor.
1100 2611 1173 2663 Haut
1180 2610 1331 2675 lectionem,
1339 2631 1416 2683 quem

338 2707 388 2759 que
399 2683 505 2738 membr.
517 2684 609 2737 ltntt.
899 2703 929 2737 ex
936 2704 981 2737 ora
987 2687 1087 2740 Erasmi
1095 2700 1160 2741 recte
1167 2702 1296 2761 receperat
1302 2689 1417 2742 Μαιῆτ-

376 2784 398 2815 ι.
415 2762 520 2831 Magna
536 2770 709 2827 contemnere,
729 2760 747 2812 i.
756 2780 777 2812 e.
794 2777 850 2831 quor
898 2776 972 2815 mant
981 2783 1039 2817 mss.
1049 2765 1074 2816 ὸ.
1090 2763 1201 2818 Palsee.
1215 2778 1240 2818 et
1252 2766 1309 2819 elii.
1321 2767 1372 2819 Ed.
1382 2766 1418 2819 Ii.

339 2842 417 2916 vulgo
427 2840 516 2893 eximis
527 2840 658 2894 habentur.
671 2838 760 2892 lludd.
898 2842 942 2894 dat
953 2851 1105 2913 vertuntur,
1116 2841 1160 2894 sed
1172 2842 1201 2895 in
1212 2844 1304 2897 eedem
1317 2844 1361 2897 ed.
1373 2865 1419 2917 pro

372 2940 395 2970 a.
411 2916 494 2969 Utilia
504 2920 650 2985 vitaliaque
658 2935 679 2968 s.
691 2915 768 2969 editio
778 2927 849 2968 vetus
897 2920 1154 2988 qua‚qmisseribitur
1162 2922 1283 2990 ,ubique
1292 2935 1364 2976 recte
1373 2933 1419 2974 te-

340 3009 362 3047 et
381 3006 489 3065 quatuor
507 2994 581 3048 codd.
595 2995 668 3047 Grut.
680 2993 775 3045 Probat
786 2994 850 3045 Tur·
899 2998 1423 3071 nontaliiomneslibri.Qna.,.vmmur

339 3071 418 3124 nebus
434 3072 538 3125 Advers.
549 3072 636 3123 XVlll
647 3110 654 3135 ,
667 3089 695 3139 ²7
706 3109 713 3136 ,
731 3070 777 3141 qui
786 3090 848 3123 ron·
898 3078 938 3130 ed,
948 3078 1018 3144 Em,
1028 3098 1086 3130 cum
1094 3078 1134 3129 ed.
1141 3079 1178 3131 A,
1188 3093 1213 3132 et
1223 3098 1299 3131 mc.
1309 3099 1343 3134 ις
1352 3100 1420 3133 non·

339 3152 386 3204 lert
394 3151 482 3202 llorat.
491 3150 515 3199 ll
525 3148 606 3202 Serm-
617 3169 630 3217 7
641 3187 648 3214 ,
659 3149 682 3214 4.
691 3150 771 3221 Atap.
781 3149 851 3200 Eru-
899 3152 975 3205 nullis
988 3152 1061 3205 Grut.
1070 3154 1140 3224 quod
1149 3168 1296 3209 avocatum
1311 3169 1351 3211 est
1360 3178 1377 3211 ι
1387 3158 1421 3209 ll.

338 3247 421 3281 smum
429 3225 460 3279 al.
475 3226 559 3279 deerat
571 3223 661 3277 vocula
673 3228 751 3278 utilia
764 3245 772 3279 ι
783 3225 851 3295 inju-
932 3232 956 3281 5.
973 3230 1083 3284 Necesse
1092 3240 1133 3285 es!
1143 3236 1172 3284 in
1183 3236 1361 3289 emmenum.
1377 3236 1422 3289 sir

338 3305 423 3358 ria-
433 3305 535 3355 Vitalia
548 3342 555 3369 ,
575 3322 693 3355 mansura
706 3340 713 3367 ‚
734 3301 810 3355 vitam
827 3314 852 3353 et
900 3308 940 3360 ed.
953 3308 1044 3361 Maoh.
1056 3328 1114 3361 eum
1130 3310 1188 3363 aliis
1200 3311 1261 3364 inde
1274 3331 1291 3363 a
1305 3313 1422 3365 Mureto.

337 3402 420 3437 aevum
431 3384 495 3434 serre
509 3393 619 3454 possunt.
634 3380 725 3432 flutt.
899 3385 984 3457 Adjici
995 3398 1051 3459 post
1062 3405 1162 3441 necesse
1172 3400 1212 3441 est
1221 3388 1355 3443 debuerat
1366 3412 1422 3464 prr·

308 3474 312 3485 ·
370 3460 393 3512 3.
403 3458 445 3512 Eo
458 3462 529 3528 quod
542 3459 711 3527 superfluunt.
727 3456 770 3509 Sic
782 3475 850 3508 com·
899 3464 1073 3529 titulamini,
1089 3487 1164 3538 quam
1181 3468 1325 3522 aGrutero
1342 3489 1424 3522 cour-

337 3538 412 3590 mode
429 3536 487 3590 edd.
501 3536 560 3589 inde
577 3536 670 3589 alllur.
686 3549 711 3588 et
727 3536 780 3607 jum
791 3545 849 3587 ante
897 3542 1424 3619 mendatumreposuitlluhlmgnoscunt-

336 3618 488 3680 Erasmm,
504 3636 563 3669 cum
575 3634 633 3669 mss.
648 3615 703 3668 Pul.
717 3636 748 3679 s,
761 3613 777 3663 3
790 3651 798 3678 ,
811 3616 847 3679 4.
897 3640 947 3690 que
959 3621 1018 3677 edd.
1033 3636 1093 3675 vett.
1111 3643 1170 3676 tum
1189 3645 1247 3677 mss.
1260 3626 1287 3677 b.
1301 3646 1326 3679 c.
1349 3628 1424 3679 ldesu

335 3708 359 3747 et
372 3694 429 3746 Col.
439 3694 487 3747 Sed
503 3692 594 3747 rectius
608 3692 683 3745 brerit
693 3711 722 3745 eo
735 3712 787 3763 quo
796 3711 848 3744 su·
896 3700 958 3772 Arg.
966 3700 990 3752 b.
999 3700 1074 3752 etism
1085 3720 1138 3753 una
1148 3700 1238 3754 vocula
1250 3702 1367 3764 auctius,
1378 3722 1423 3753 ne·

331 3772 477 3841 perfluunt,
501 3772 571 3841 quot
591 3769 666 3824 haber
688 3771 727 3822 et.
748 3771 847 3823 Erasm.
894 3782 1091 3830 oerseeseem‘m
1103 3782 1309 3831 usintmmens.
1323 3779 1413 3833 Setos.

334 3868 481 3903 tumtum.
494 3862 518 3902 el
535 3849 608 3903 codd.
621 3850 680 3921 09⁵
696 3848 845 3900 Cnnl·x1.v.
928 3855 952 3906 6,
965 3856 1024 3908 Illa
1044 3859 1115 3909 em'm
1128 3857 1205 3909 habt!
1222 3875 1307 3910 suum
1321 3859 1428 3927 finem.

334 3929 468 4000 perperam
478 3947 510 3981 ea
519 3946 578 3999 quoe
590 3946 647 3994 sup.
658 3926 699 3979 ed.
713 3926 749 3978 A.
760 3938 785 3979 et
798 3921 859 3979 mss
895 3931 1002 4004 Corrige
1023 3933 1077 3986 Itte
1098 3937 1167 3987 mim
1179 3932 1253 3997 (scil.
1276 3939 1428 3989 naturalis

333 4004 440 4058 Iulderu
454 4024 514 4056 vero
525 4024 570 4055 ms.
582 4004 607 4056 b.
620 4016 644 4055 et
656 4003 694 4054 ed.
706 4004 740 4055 A.
757 4024 803 4076 pro
815 4013 848 4057 ut
894 4012 1008 4076 modus)
1033 4012 1203 4083 'meantibus
1228 4012 1290 4065 edd.
1311 4027 1380 4068 vert.
1402 4029 1429 4067 et

332 4086 385 4137 lime
395 4124 402 4149 ‚
414 4086 453 4137 ad
466 4084 519 4137 lroec
529 4084 642 4137 scribunt
656 4102 663 4136 τ
677 4083 807 4152 quomodo
822 4095 846 4138 et
893 4106 951 4140 mss.
960 4089 985 4140 ὸ.
1000 4109 1021 4141 c.
1034 4090 1133 4143 Vitiosa
1148 4091 1270 4164 scriptura
1287 4094 1347 4145 atta
1362 4092 1428 4145 inde

331 4164 474 4233 frequenter
493 4162 554 4214 alias
569 4162 658 4214 litterae
676 4172 722 4215 tet
733 4163 754 4213 d
763 4160 791 4213 in
808 4162 846 4214 li-
894 4153 925 4218 ab
940 4166 979 4218 ed.
992 4167 1059 4221 Mur.
1070 4168 1099 4220 in
1111 4168 1173 4223 alius
1189 4188 1295 4233 omues,
1311 4172 1429 4223 nemine
