2975 4992
314 492 384 561 636
598 488 639 556 L.
667 486 848 556 ANNAEI
870 486 1091 557 SENECAE

311 620 381 691 lete
405 622 506 691 tacite
531 623 569 688 in
591 619 736 689 sublime
757 620 969 702 crescentie,
991 634 1026 687 et
1045 618 1131 688 alies
1154 643 1196 687 ea
1222 622 1398 716 inopinato

200 716 203 725 ¹
311 741 511 823 varietates,
531 754 590 807 eut
608 735 884 819 dehiscentibus,
902 760 978 829 quae
991 735 1231 825 eoboerebunt3
1247 757 1310 813 aut
1323 743 1394 830 bis,

311 880 388 949 quse
402 854 592 941 distabant,
610 879 671 923 sun
685 868 807 949 sponte
820 852 1042 940 ooeuntibus3
1057 866 1117 921 aut
1128 852 1207 939 bis,
1223 880 1303 948 quae
1314 861 1398 927 emi-

310 972 459 1055 nebant,
481 970 646 1065 puulatim
663 971 700 1038 in
723 992 760 1037 se
781 963 1031 1036 residentibus¹
1052 964 1133 1034 :bis
1157 967 1397 1061 imperitorum

311 1086 483 1155 feriuntur
504 1087 615 1173 oculi,
637 1086 752 1155 omniu
775 1083 888 1153 subita
909 1082 1008 1175 (quie
1023 1106 1142 1152 ouuses
1157 1108 1230 1153 non
1246 1086 1395 1184 novere)

252 1236 284 1271 20
310 1202 520 1271 mirantium.
544 1202 697 1270 Puenles
717 1216 816 1286 sunt,
837 1215 873 1267 et
896 1197 1029 1291 aliquid
1045 1197 1219 1270 *hebentes
1244 1203 1396 1273 liberuli-

309 1318 373 1388 bus
382 1318 507 1405 simile,
522 1318 575 1387 hae
584 1334 687 1403 artes,
702 1315 969 1411 quaslymzllooc
976 1315 1102 1400 Graeei,
1117 1318 1226 1385 nostri
1238 1319 1395 1389 liberales

306 1450 431 1505 vocent
444 1440 472 1502 ¹.
498 1433 584 1506 solae
603 1450 717 1503 autem
738 1432 1014 1514 liberales-sunt,
1038 1432 1126 1515 imo,
1148 1447 1188 1502 ut
1209 1432 1322 1505 diuum
1336 1462 1394 1507 ve·

306 1553 398 1635 rius,
416 1552 541 1635 liberte,
560 1551 686 1645 quib'us
704 1572 797 1619 curte
811 1550 930 1618 Virtus
943 1562 1009 1616 est.
1087 1595 1089 1598 -

354 1666 670 1761 Quemadmodum,
687 1666 823 1759 inquit,
838 1680 890 1733 est
903 1664 1021 1756 alique
1035 1686 1115 1757 pare
1125 1659 1137 1701 ³
1149 1666 1387 1763 Pbilosopbiae

305 1786 491 1869 naturalis,
513 1801 564 1854 est
580 1785 696 1877 alique
711 1781 870 1866 motulis,
896 1798 949 1851 est
968 1782 1084 1875 eliqua
1107 1784 1310 1875 rationulis3
1334 1789 1385 1857 sio

303 1918 338 1971 et
351 1902 425 1972 haeo
438 1926 576 1995 quoque
590 1901 785 1971 liberalium
796 1901 922 1968 artium
935 1898 1038 1967 turbu
1051 1899 1164 1967 loeum
1178 1901 1246 1969 sibi
1259 1904 1298 1971 in
1310 1904 1391 1973 Pbi·

302 2015 457 2113 losophin
477 2018 643 2088 vindicet.
669 2018 785 2111 Quum
807 2031 947 2085 ventum
966 2032 1019 2085 est
1037 2015 1083 2085 nd
1101 2018 1277 2087 natmules
1295 2045 1389 2113 quse·

243 2170 272 2205 21
302 2136 442 2220 stiones,
448 2139 643 2231 geomeuioe
652 2134 847 2204 testimonio
858 2147 979 2202 statur.
991 2122 1097 2227 Ergo,
1113 2157 1217 2226 quom
1228 2134 1383 2228 adjuvat,

300 2276 380 2345 pars
393 2254 468 2346 ejus
482 2251 714 2322 est-Multa
727 2251 986 2345 adjuventnos,
1002 2273 1069 2318 nec
1082 2248 1163 2319 ideo
1175 2268 1292 2345 pestes
1304 2278 1387 2323 nos-

299 2387 360 2439 trae
379 2386 479 2459 sunt3
502 2372 591 2455 imo,
610 2372 639 2441 si
666 2384 782 2464 partes
800 2383 933 2452 essent,
954 2392 1025 2437 non
1041 2366 1260 2461 adjuvarent.
1277 2370 1385 2442 Cibus

256 2572 260 2577 .
297 2488 505 2581 adjutorium
520 2489 674 2583 corporis
687 2504 740 2559 est
747 2537 759 2574 ,
777 2510 848 2555 non
862 2502 977 2555 tamen
990 2509 1071 2581 pars
1083 2501 1147 2554 est.
1164 2485 1312 2579 Aliquid
1323 2512 1385 2557 no·

192 2642 194 2647 ·
296 2603 351 2672 bis
372 2620 510 2698 praestst
531 2594 724 2699 geometriae
745 2602 987 2687 ministerium.
1012 2601 1308 2696 Siopbilosophiae
1322 2630 1385 2674 ne·

296 2722 442 2789 cessaria
459 2737 528 2803 est,
549 2720 719 2813 quomodo
734 2721 802 2814 ipsi
816 2720 913 2788 faber
930 2746 938 2785 :
955 2718 1016 2787 sed
1030 2742 1095 2787 nec
1108 2719 1168 2788 bic
1183 2722 1383 2813 geometriae

235 2906 238 2913 ,
295 2858 374 2928 pars
396 2851 448 2903 est
459 2886 471 2921 ,
494 2860 559 2903 neo
585 2836 646 2905 ille
668 2830 907 2929 philosophiae.
927 2836 1099 2903 Praeterea
1123 2848 1274 2928 utraque
1292 2838 1383 2906 lines

294 2977 373 3022 suos
385 2952 502 3021 habet.
511 2954 664 3046 'Sapiens
678 2954 771 3021 enim
787 2974 906 3021 causas
919 2950 1128 3036 naturalium
1140 2965 1177 3019 et
1185 2953 1329 3045 quaerit,
1345 2970 1381 3023 et

294 3070 405 3152 novit,
428 3093 573 3161 quorum
593 3091 754 3137 numeros
771 3090 1017 3159 mensurasque
1034 3060 1231 3161 geometer⁴
1251 3066 1376 3163 pense-

293 3265 326 3317 de
336 3262 522 3333 coenationibus
529 3274 614 3315 autem
626 3261 734 3333 aliisque
741 3261 812 3315 eti-
860 3258 1149 3335 pnlasesaliasvooatae,
1163 3259 1196 3313 ‹le
1211 3259 1305 3332 quibus
1316 3261 1382 3314 Ger.

215 3356 219 3364 ’
292 3339 357 3394 litiis
376 3338 532 3394 versatilibus
545 3340 700 3394 Suetonium
711 3340 741 3393 in
756 3340 811 3392 Ne·
859 3342 902 3393 Jo.
915 3339 1021 3393 Vossius
1039 3340 1141 3413 egregie
1158 3340 1284 3413 exposuit.
1302 3341 1381 3394 Cirta

290 3440 365 3484 rone,
379 3433 404 3472 et
414 3420 483 3473 bunc
495 3432 609 3473 nostrum
620 3418 734 3495 Epistola
746 3432 789 3472 xc.
858 3420 894 3474 ol.
907 3441 940 3487 7⁰
951 3420 1045 3474 schole
1057 3420 1149 3474 barum
1161 3420 1255 3473 artium
1267 3420 1381 3496 publia

325 3516 347 3549 1.
367 3500 509 3552 Paulatim
529 3502 558 3551 ln
577 3516 606 3550 se
624 3498 805 3551 residentibus.
834 3544 838 3549 .
858 3500 967 3553 Athenis
984 3499 1078 3572 aperiri
1099 3511 1240 3572 eoeperunt.
1260 3498 1305 3551 cf.
1323 3511 1381 3572 post

289 3578 328 3631 Ex
345 3576 396 3629 boo
412 3576 470 3628 loeo
487 3574 615 3649 intelliges
627 3575 657 3628 in
668 3574 805 3630 movendis
857 3577 947 3631 Desid·
958 3577 1065 3631 llesalsli
1079 3577 1156 3630 Obos.
1168 3577 1211 3630 atl.
1224 3578 1275 3631 Ius
1291 3588 1337 3630 att·
1353 3590 1379 3629 et

290 3669 314 3709 et
324 3653 523 3709 transmutandis
534 3652 690 3707 theatrorum
700 3651 805 3706 mscbi-
855 3676 921 3708 rom.
932 3654 985 3707 Vll
996 3675 1021 3727 p.
1035 3654 1094 3710 608.
1105 3653 1229 3725 Botts'ger
1239 3655 1270 3707 in
1280 3655 1378 3728 prolu-

289 3735 345 3801 sit,
362 3732 541 3803 veriandisque
560 3750 643 3786 aeenoe
660 3729 804 3804 prospecti·
855 3733 1021 3803 sione:Qui‹l
1031 3734 1065 3787 sit
1072 3734 1165 3787 docere
1172 3732 1290 3787 fabulam
1298 3756 1326 3808 p.
1338 3750 1376 3788 ao·

285 3815 347 3877 bus,
363 3812 433 3886 quod
453 3830 572 3865 vocemus
586 3810 677 3883 gallice
690 3808 805 3879 cbosage-
857 3832 896 3867 tt.
906 3814 999 3867 flatile.

286 3912 362 3950 nens
379 3898 398 3944 ὰ
416 3910 487 3954 oue,
506 3908 559 3942 non
578 3887 704 3941 minorem
724 3900 805 3941 artem
887 3889 1376 3961 3.Estao·quapars1’tilos.‘rsmexe

288 3968 432 4023 exhibuisse
443 3980 539 4021 veteres
552 3986 630 4039 qnam
643 3965 805 4019 recentiores·
854 3968 934 4039 vulgo
941 3978 967 4020 et
973 3968 1061 4020 invitia
1071 3978 1132 4020 vett.
1142 3967 1230 4035 libris,
1239 3968 1378 4021 estena'm'

321 4070 344 4100 2.
358 4047 503 4101 Pueriles...
516 4056 618 4099 vocent.
630 4044 805 4099 Grammatico
855 4049 949 4115 aliqua
959 4064 1025 4113 pars
1038 4056 1084 4098 ete.
1094 4044 1157 4098 inde
1168 4045 1202 4097 ab
1213 4044 1256 4097 etl.
1267 4045 1337 4117 lip-
1346 4044 1376 4098 S.

288 4129 305 4180 i.
320 4148 342 4180 e.
362 4146 401 4179 ars
417 4125 520 4199 legendi
533 4138 557 4177 et
568 4124 711 4190 scribendi,
725 4144 806 4197 gym-
888 4127 912 4191 4.
930 4125 1069 4178 Geossseter
1086 4122 1123 4177 Il.
1140 4125 1177 4177 A.
1199 4144 1222 4177 e.
1242 4122 1374 4196 quomodo

287 4206 399 4269 nonies,
414 4205 522 4270 musice,
537 4224 576 4257 ars
592 4204 748 4259 delineandi.
763 4203 804 4255 ct.
855 4202 1151 4273 moaomnesSss.lloe
1161 4202 1374 4273 loeomtm

289 4282 394 4335 Asistot.
410 4284 440 4335 de
456 4282 517 4355 ssep.
531 4282 608 4344 Vlll,
622 4281 638 4333 3
654 4300 660 4333 :
675 4294 739 4335 artes
752 4301 806 4355 po-
855 4280 943 4352 vulgo.
955 4280 1037 4335 Scboe.
