2975 4992
406 462 676 532 EPISTOLA
699 463 886 534 cxxvt.
1120 468 1188 565 499

107 597 212 665 habet
228 595 371 665 tubicen
384 603 391 633 ¹
409 620 547 689 quoque
563 599 702 667 Graecus
714 613 751 667 et
763 606 898 692 praeco²
914 626 1129 690 concursum.
1144 604 1191 674 At

107 714 146 779 in
164 712 223 780 ttto
239 711 337 794 ioco,
359 714 395 778 in
411 734 479 803 quo
497 711 678 781 virbonus
693 716 881 807 quaeritur,
908 720 945 786 in
966 742 1035 813 quo
1052 721 1108 789 vir
1126 720 1190 787 bo·

108 852 175 897 nus
187 828 335 897 discitur
344 822 372 908 ³,
389 828 584 922 paucissimi
594 828 716 899 sedent
729 855 736 897 ε
749 847 784 901 et
793 833 829 900 hi
844 834 1018 927 plerisque
1032 834 1192 905 videntur

109 945 201 1013 nihii
220 946 304 1014 boni
322 946 453 1039 negotii
470 943 598 1013 habere
621 946 714 1039 quod
733 967 857 1042 ogaut3
878 952 985 1045 inepti
1003 967 1038 1020 ot
1064 954 1193 1021 inertes

109 1057 752 1157 vomtu⁴.-Mthicon1tngatiue
775 1066 908 1136 derisus
931 1092 1054 1162 :aequo
1080 1072 1194 1137 animo
1219 1074 1235 1141 t

110 1179 286 1249 audiendo
302 1196 383 1248 sunt
404 1180 640 1271 imperitorum
656 1183 830 1264 convicia,
852 1200 886 1250 et
907 1182 950 1251 ad
974 1185 1116 1254 honesta
1133 1208 1194 1254 vn·

112 1297 210 1365 denti
225 1295 494 1367 contemnendus
512 1312 563 1363 eet
578 1291 677 1389 ipee⁵
696 1312 922 1391 contemptus.

162 1418 289 1508 Perge,
302 1413 434 1494 Lucili,
450 1428 486 1480 et
496 1436 664 1505 propere,
682 1438 726 1482 ne
739 1415 802 1483 tibi
818 1415 949 1484 accidat
956 1467 967 1501 ,
984 1417 1078 1510 quod
1091 1418 1192 1500 mihi,

113 1545 153 1597 ut
176 1541 281 1597 senex
300 1528 410 1596 diocte
428 1556 436 1593 ε
457 1528 526 1595 imo
543 1526 621 1596 ideo
647 1530 756 1622 magio
777 1554 943 1624 propera,
970 1534 1132 1623 quoniam
1160 1532 1197 1600 id
1302 1594 1304 1602 .

114 1670 210 1715 nunc
226 1668 410 1739 aggressus
422 1669 480 1728 eo,
503 1643 597 1736 quod
613 1644 810 1739 perdiecero
823 1649 879 1715 vix
896 1672 998 1716 senex
1012 1652 1132 1743 poesie.
1147 1688 1198 1703 -

115 1763 315 1856 Quantum,
343 1762 476 1853 inquio,
498 1762 674 1855 proficiam
688 1764 703 1830 t
715 1800 767 1815 -·
779 1764 954 1856 Quantum
974 1760 1194 1836 ⁶tentaveris.

115 1880 214 1973 Quid
226 1879 423 1973 exspectas?
434 1878 523 1946 nulli
537 1900 658 1971 rapere
671 1902 753 1947 cusu
767 1878 903 1974 obtigit.
919 1882 1069 1953 Pecunia
1083 1886 1199 1953 veniet

116 1995 229 2080 ultr03
246 1995 361 2062 bonor
376 1992 563 2077 offeretur3
591 1994 701 2086 gratio
716 2016 758 2061 ec
776 1992 925 2087 dignitas
945 1996 1084 2065 fortasse
1098 1999 1198 2092 inge-

120 2128 244 2180 rentur
263 2108 327 2179 tibi
347 2137 356 2177 ι
375 2110 494 2176 Virtus
519 2110 554 2175 in
577 2124 611 2175 te
636 2132 706 2176 non
726 2110 855 2179 incidet
879 2136 886 2177 :
907 2134 950 2179 ne
968 2112 1035 2181 levi
1059 2111 1199 2205 quidem

117 2250 225 2320 opera
242 2240 302 2293 eut
317 2248 423 2319 parvo
438 2220 555 2290 labore
572 2224 790 2317 cognoscitur
808 2251 814 2291 :
833 2222 895 2292 eod
913 2240 964 2293 eet
982 2226 1087 2293 tonuit
1107 2226 1200 2295 inbo-

117 2367 217 2425 rnm,
238 2342 354 2410 omnia
370 2339 461 2408 bona
474 2338 580 2406 semet
594 2354 814 2431 occupaturo.
833 2342 946 2407 Unum
964 2355 1016 2407 est
1030 2343 1122 2410 enirn
1135 2342 1201 2410 Bo-
1225 2370 1241 2419 5

118 2540 196 2591 Recte
210 2547 297 2587 autern
317 2532 457 2605 pythaules
469 2529 633 2599 (monitu)
719 2530 742 2594 i·
754 2531 793 2582 At
802 2534 829 2582 in
837 2534 884 2585 e'iio
894 2534 972 2586 loco...
982 2544 1118 2590 emantur.
1127 2534 1198 2607 Stepe

119 2636 172 2668 non
186 2616 254 2685 ρι’ίᾶ.
279 2610 356 2664 scribi
376 2610 577 2684 hincapparet,
597 2607 636 2661 nti
685 2622 770 2663 noster
781 2609 810 2662 in
822 2610 1031 2665 huoceaecutisui
1043 2614 1148 2686 genium
1158 2614 1199 2668 in·

119 2694 170 2764 jem
185 2691 297 2745 satmas.
315 2688 346 2741 ed
365 2688 467 2761 vopisc.
481 2710 506 2762 p.
525 2688 592 2759 494‚
612 2700 636 2740 et
686 2687 804 2754 vehitur,
822 2688 866 2757 qui
880 2687 999 2741 severiori
1015 2689 1140 2743 bonerum
1159 2712 1200 2745 or-

120 2783 175 2843 post
184 2790 245 2823 eum
254 2768 301 2821 atti
313 2767 462 2821 docuerunt.
474 2767 535 2839 Egit
546 2765 578 2819 de
588 2765 635 2819 hae
685 2764 749 2817 tinm
761 2766 869 2837 ideoque
881 2766 1047 2839 philosophie
1057 2768 1141 2821 studio
1152 2788 1199 2821 ne-

118 2850 237 2917 αὗληπιῇ
245 2846 431 2919 elegantissime
438 2844 558 2913 Bottifflr
564 2848 635 2896 inat·
686 2845 769 2916 glecto
781 2886 788 2912 ,
801 2846 866 2900 nihil
877 2850 927 2901 sere
936 2848 985 2900 niti
996 2868 1035 2901 res
1043 2848 1198 2923 voluptarius

120 2926 193 2979 tisch.
203 2924 281 2978 Mus.
291 2922 304 2977 l
312 2962 320 2989 ,
333 2942 362 2991 o,
372 2942 397 2997 p.
408 2922 501 2995 sqfitq.
512 2920 603 2978 Ruth.
683 2936 834 2989 sectaretur,
847 2947 869 2977 e.
882 2946 903 2978 e.
916 2925 964 2999 Ep.
980 2942 1060 2994 txxx,
1082 2948 1096 2979 2
1104 2968 1111 2995 ‚
1124 2942 1176 2981 xcv
1189 2968 1197 2994 ,

154 3024 177 3056 r.
188 3003 304 3055 Tubicen
315 3013 380 3053 recte
387 3000 459 3052 editt.
468 3010 528 3051 vett.
541 3011 565 3050 et
574 2998 636 3073 Arg·
688 3004 725 3055 18.
741 3004 811 3075 Quin
833 3004 895 3057 adro
914 3006 1002 3059 Cicero
1018 3004 1091 3059 Orat.
1108 3006 1153 3072 ῙῙ,
1175 3010 1198 3061 5.

120 3085 145 3136 b.
158 3082 236 3134 Gooi'.
248 3081 297 3153 Ep.
312 3093 415 3131 tmttt
425 3120 432 3145 ‚
444 3078 460 3147 S
474 3081 511 3131 15.
521 3076 637 3130 Schm-
685 3079 768 3133 dicere
786 3080 866 3149 potuit
880 3100 886 3134 :
901 3083 997 3137 discum
1019 3085 1106 3137 audire
1121 3106 1198 3155 quam

121 3160 207 3214 ttnht.
220 3159 302 3214 edidit
312 3157 497 3227 tibicen‚qnod
511 3174 565 3208 non
577 3154 636 3207 satis
685 3155 863 3229 philosophum
882 3159 988 3212 malunt.
1007 3160 1091 3230 Inepti
1110 3174 1168 3214 suot
1182 3160 1200 3215 ii

121 3241 209 3293 differt
222 3238 375 3309 apytitonle
387 3236 418 3288 de
431 3255 484 3305 quo
500 3252 591 3307 supra,
609 3244 638 3284 ¹¹1
685 3248 749 3309 quos
755 3240 931 3306 pedaticorum
944 3242 1049 3293 nomine
1060 3242 1201 3316 insignive-

122 3330 186 3371 reete
197 3317 299 3371 dicetur
310 3315 401 3367 siticen
412 3329 522 3382 quoque·
687 3315 737 3378 ris,
750 3336 847 3369 mentor
858 3316 911 3369 cte.
922 3318 993 3371 Orat.
1003 3320 1027 3371 li
1041 3359 1047 3383 ,
1061 3322 1084 3387 4.
1094 3320 1138 3373 ste
1148 3320 1200 3395 phi·

154 3391 433 3464 numquidnum
443 3398 470 3442 et
480 3388 639 3462 patriensi·
687 3392 786 3464 iosophi
806 3408 928 3449 vocantur
946 3398 973 3449 in
990 3398 1130 3465 Oratione,
1144 3419 1200 3471 qute

122 3472 196 3526 etoris
202 3471 384 3544 proclamabat.
396 3469 513 3542 spectare
520 3466 639 3518 videntur
688 3472 808 3525 Ciceroni
822 3494 902 3547 nuper
919 3476 1061 3546 abjudicat,
1075 3493 1127 3548 ως,
1147 3495 1201 3555 9052

123 3552 190 3613 bret,
200 3551 288 3625 jndice
299 3548 385 3601 Febro
398 3545 516 3619 Agonist.
525 3544 565 3597 ltt
574 3584 581 3609 ‚
591 3544 637 3610 oti,
687 3548 772 3603 Redit.
784 3554 816 3605 od
830 3553 891 3605 Seu.
902 3575 924 3606 c.
936 3555 972 3621 14.
987 3556 1077 3612 Rutt.

123 3628 156 3681 ed
168 3626 360 3697 Quinquennis
373 3662 381 3689 ,
393 3625 425 3677 de
437 3623 528 3695 quibus
537 3622 640 3675 laudavi
722 3630 953 3687 &contemnendus
962 3646 1001 3688 ρει
1011 3639 1066 3707 ipse
1075 3648 1201 3709 comm.

124 3704 298 3761 Wernsdori.
312 3703 423 3775 quinon
433 3700 545 3774 neglexit
556 3700 639 3753 Strab·
687 3717 730 3759 tus
747 3722 881 3778 equetuor
894 3710 968 3764 Grut.
982 3726 1006 3765 et
1020 3714 1102 3766 ttotii
1118 3707 1201 3767 codd

124 3785 204 3851 ltux,
218 3779 274 3857 cop.
289 3803 314 3850 7,
325 3802 350 3853 p·
365 3800 409 3854 197
421 3779 462 3834 ed.
474 3779 540 3852 lips·
550 3779 639 3833 liudh-
688 3783 757 3837 dedi.
767 3790 847 3839 Antea
861 3791 931 3842 :iste
941 3789 1033 3842 ttrite.

157 3864 180 3916 3.
193 3863 232 3916 In
242 3882 296 3932 quo
307 3861 445 3913 virbonus
456 3863 598 3928 qnoere'tnr,
610 3860 637 3909 in
720 3864 745 3915 6.
762 3864 900 3937 Quantum
911 3872 1057 3921 tentaveris.
1071 3872 1137 3923 Nom
1151 3892 1200 3924 co-

126 3960 175 4011 quo
183 3946 229 3994 vir
237 3942 322 3993 bonus
332 3941 456 3993 docitur.-
468 3938 553 4010 priora
564 3936 638 4008 quin·
687 3942 757 3995 nerui
770 3945 873 4017 effeetus
883 3946 925 3999 hic
936 3948 1078 4020 respondet,
1091 3962 1117 4003 ut
1126 3952 1201 4005 Stoi-

126 4040 173 4091 qne
182 4021 262 4074 verbe
274 4020 398 4073 Gruterus
414 4018 443 4070 in
454 4016 575 4071 omuibus
587 4016 638 4069 suis
687 4021 722 4073 cis
736 4021 817 4073 risum
829 4041 837 4075 t
849 4035 872 4075 et
886 4024 946 4077 veiis
960 4045 1011 4077 esse
1030 4026 1129 4095 bonus,
1144 4032 1200 4085 eris.

127 4101 239 4155 vcodt.
246 4100 347 4153 invenit
355 4099 413 4151 etin
421 4110 515 4151 textum
526 4096 638 4163 reduxit,
722 4119 744 4167 7.
753 4098 809 4152 Sed
822 4112 861 4153 est
875 4106 944 4154 tanti
961 4104 1114 4159 loborat-e...
1128 4128 1200 4164 occu-

128 4198 200 4247 quem
210 4198 312 4249 sequor.
327 4177 465 4245 Erasmus,
477 4176 556 4230 editio
567 4187 639 4227 vetus
685 4186 788 4245 poturo.
803 4180 852 4232 int.
864 4180 907 4231 sed
918 4200 974 4253 spes
987 4182 1073 4235 trinnio
1086 4184 1152 4237 bona
1167 4187 1200 4238 si·

129 4257 171 4309 rei.
183 4258 314 4311 omittunt.
325 4255 416 4308 Boot.
688 4255 742 4305 mul
765 4256 907 4329 occupandi
924 4278 983 4311 sane
1001 4262 1060 4315 setis
1085 4264 1150 4317 uniet
1175 4278 1200 4319 ut
