2975 4992
328 416 372 485 fia
619 414 661 481 L.
686 409 867 481 ANNAEI
891 409 1108 482 SENECAE

328 545 451 630 modo,
472 547 533 640 qui
551 566 639 639 aqua
656 549 823 616 torrente¹
841 545 1034 638 rapiuntur,
1056 545 1170 638 spinas
1187 558 1222 613 et
1241 548 1391 638 'nepem

326 663 488 756 Plerique
504 664 594 732 inter
607 663 725 733 mortis
739 677 884 748 metum,
903 675 941 730 et·
959 664 1036 731 vitae
1057 676 1223 730 tormenta
1234 657 1260 744 ³,
1284 664 1396 730 miseri

328 774 536 868 fluctuaut‘3
557 795 591 848 et
607 781 722 849 vivere
735 779 875 862 nolunt,
895 793 929 847 et
946 781 1031 848 mori
1047 771 1235 848 uesoiuut⁵.
1250 781 1320 847 Fac
1333 781 1398 846 ita-

328 883 419 989 quoi
438 895 501 962 tibi
515 895 720 987 jucundum?
741 895 864 977 vitam,
886 917 1018 962 omnem
1036 916 1099 985 pro
1117 892 1176 960 itta
1194 891 1398 961 sollicitudi-

328 1035 408 1080 uem
418 1006 432 1047 ⁸
444 1007 657 1105 deponendo.
671 1010 809 1078 Nullum
818 1009 1110 1102 bouumadjuvat⁹
1122 1007 1318 1095 habentem,
1334 1010 1400 1076 nisi

329 1125 374 1194 nd
392 1126 490 1221 cujus
508 1128 720 1195 amissionem
738 1105 948 1219 praepnrutus
965 1140 1014 1193 eet
1028 1126 1170 1194 animus.
1187 1123 1322 1194 Nullius
1340 1149 1401 1192 au-

330 1259 398 1312 tem
410 1244 462 1310 rei
477 1242 608 1311 facilior
620 1244 755 1311 amissio
770 1257 838 1324 est,
851 1267 951 1334 quam
963 1265 1038 1334 quae
1049 1241 1269 1311 desiderari¹⁰
1280 1242 1400 1310 amissa

291 1381 308 1434 5
331 1385 403 1431 non
416 1376 537 1454 potest.
553 1363 645 1455 Ergo
656 1359 821 1429 adversus
833 1362 963 1445 omnia,
979 1383 1054 1453 quae
1066 1359 1250 1430 incidere¹¹
1263 1375 1403 1454 possunt

368 1573 389 1606 r.
398 1551 480 1624 Aqua
492 1562 607 1606 torrente.
619 1551 663 1605 Sic
671 1551 712 1604 ed.
723 1553 759 1604 A.
767 1552 843 1603 Rom.
893 1551 940 1604 der
950 1549 1015 1602 Par.
1027 1571 1055 1601 a.
1063 1570 1148 1604 rursus
1159 1550 1185 1604 b.
1197 1552 1215 1605 l.
1226 1553 1340 1606 desectus
1351 1563 1403 1604 est:

331 1633 408 1686 Terv.
432 1632 497 1686 Ven.
522 1652 580 1685 earu
603 1632 686 1685 mestis
708 1631 742 1684 ad
762 1651 844 1683 nuum
892 1631 1025 1684 iaPami.
1034 1632 1203 1704 nerneprima
1212 1632 1315 1702 quidem
1326 1651 1403 1684 mann

330 1711 453 1766 omnibus
466 1729 594 1785 :proquo
612 1723 701 1782 preter
719 1708 844 1762 retionem
891 1713 1038 1762 emerentur
1049 1709 1195 1783 legebatur,
1213 1710 1258 1764 sed
1271 1710 1296 1762 id
1308 1709 1342 1762 ab
1356 1709 1403 1762 alia

331 1812 352 1844 a
363 1800 471 1843 torrente
481 1789 565 1864 posuit
577 1789 677 1841 Ernsm.
695 1789 765 1859 quod
785 1787 844 1840 iude
894 1807 971 1840 manu
980 1787 1171 1858 iufiactnantnr
1178 1801 1311 1846 mutatum.
1322 1785 1404 1844 Scito.

332 1869 361 1922 in
369 1887 458 1921 omnes
466 1880 524 1920 ante
536 1879 648 1919 nostram
658 1865 779 1936 editiones
789 1885 846 1940 pro-
926 1869 949 1920 5.
959 1865 1072 1921 Etnrori
1088 1869 1211 1920 nesciunt.
1220 1867 1375 1922 Porticuiaot
1382 1876 1406 1919 et

333 1959 452 2022 pigitum
465 1957 509 1999 est.
519 1944 601 1998 Sebsr.
893 1945 919 1998 b.
928 1945 946 1998 l.
954 1945 1055 2019 ignorat
1067 1957 1150 1998 noster
1162 1965 1208 1997 ms.
1217 1948 1281 2015 Arg.
1291 1947 1315 1999 d.
1324 1945 1406 2001 Scito.

367 2049 390 2080 a.
402 2027 502 2095 Spinas
511 2036 538 2078 et
551 2043 648 2092 aspera
661 2021 846 2091 (seit.amp12-
893 2052 926 2064 -
935 2025 997 2078 Haec
1004 2037 1040 2076 est
1049 2023 1156 2097 Epicteti
1168 2021 1322 2094 increpatio:
1337 2033 1406 2078 θαυ-

332 2109 452 2166 ematur)
465 2105 492 2156 id
504 2115 570 2156 recte
579 2103 615 2156 sic
624 2102 744 2174 scriptum
754 2101 780 2152 in
791 2121 847 2155 uo·
894 2104 975 2169 paceni
996 2102 1132 2171 ἅνθρωποι,
1149 2102 1204 2168 μήτε
1222 2103 1263 2161 ξῆν
1277 2101 1406 2163 niteret.

333 2195 384 2237 stro
391 2180 700 2251 ms.d.etAmpl.aliisque
708 2177 800 2249 quibus
808 2177 847 2232 nsi
894 2179 949 2247 pin
966 2180 1131 2235 derisimus.
1148 2173 1252 2231 Mirifici
1271 2174 1405 2247 homines,

333 2273 392 2314 snut
409 2258 513 2314 Modins
532 2271 556 2311 et
573 2257 715 2331 Opsopoeus
735 2269 760 2310 et
772 2259 846 2310 Grut.
882 2257 1032 2310 necvirere
1041 2276 1088 2312 uec
1096 2254 1161 2309 mori
1171 2254 1408 2324 vntrislnsottps.

335 2338 406 2391 Olim
418 2341 557 2406 rapiantur
564 2339 710 2405 penpinas
718 2348 743 2390 et
751 2355 847 2403 aspera
927 2334 951 2387 6.
962 2333 1019 2388 Fae
1034 2338 1129 2402 itaque.
1146 2333 1195 2385 Ms-
1204 2334 1270 2404 Arg.
1281 2333 1306 2386 d.
1318 2333 1408 2385 vitiose

334 2414 469 2478 edebatur,
484 2413 554 2484 qood
567 2413 651 2486 ipsum
664 2426 689 2466 et
700 2425 786 2466 noster
800 2432 846 2465 ms.
885 2413 1014 2486 facitque.
1028 2411 1109 2465 Sebw.

334 2510 419 2546 ecum
427 2491 621 2545 niiisnonnuliis
628 2491 736 2566 prefert
743 2490 846 2544 Deinde
931 2510 953 2558 7.
964 2490 1125 2545 Jucnndam.
1136 2487 1187 2541 Pro
1195 2491 1340 2554 ineundam
1350 2487 1409 2540 scri-

334 2571 362 2622 in
380 2571 471 2639 spinas
486 2570 567 2625 edidit
583 2570 719 2635 Erosium,
736 2570 805 2640 quod
820 2589 850 2622 ex
898 2567 962 2624 bunt
980 2570 1123 2638 jocundam
1143 2587 1202 2621 mss.
1219 2569 1244 2622 b.
1260 2581 1285 2622 et
1300 2588 1322 2624 c.
1335 2581 1361 2621 et
1375 2567 1409 2620 sie

335 2647 849 2717 nulloveterecodiceenotatumusquam
898 2660 1062 2713 constanter,
1086 2666 1145 2700 eum
1170 2648 1211 2701 ed.
1235 2649 1270 2701 A.
1291 2659 1316 2700 et
1333 2648 1410 2702 Rom.

335 2724 426 2796 reperi.
436 2725 511 2777 Inter
522 2728 616 2795 spinas
631 2744 660 2776 ex
672 2744 725 2777 nno
744 2743 849 2776 suorum
897 2727 990 2790 Porro,
1008 2738 1102 2780 mutata
1120 2725 1256 2780 verborum
1270 2725 1411 2792 serie‚1‘o·

332 2801 423 2855 citavit
432 2800 563 2854 Gruterus.
576 2802 627 2855 Sed
637 2801 847 2874 pmpositiouem,
896 2808 1010 2860 cundum
1020 2806 1103 2858 vitam
1114 2805 1163 2857 tibi
1169 2825 1216 2858 ms.
1224 2825 1246 2859 e.
1257 2818 1281 2858 et
1289 2806 1328 2859 ed.
1339 2806 1375 2857 A.
1383 2802 1411 2857 S.

336 2879 505 2956 preeuntibus
529 2880 677 2933 melioribus
698 2879 848 2946 codicibus,
931 2883 954 2936 8.
961 2881 1174 2938 Sollicitudinem.
1185 2883 1273 2956 Vuign
1281 2885 1411 2938 salicitud·

337 2959 427 3012 merito
435 2958 510 3032 ejecit
518 2959 646 3025 Muretus,
655 2979 731 3031 quem
741 2957 786 3010 nlii
796 2978 850 3010 om·
899 2960 951 3014 Sed
967 2974 1109 3014 constanter
1127 2981 1171 3034 per
1183 2962 1312 3034 geminam
1323 2966 1347 3016 11
1359 2983 1412 3014 ro-

338 3058 382 3091 nes
392 3040 470 3092 secuti
481 3052 541 3093 sunt
552 3038 669 3092 editores·
685 3037 768 3091 Scbsr.
897 3039 1014 3094 rabulum
1027 3039 1091 3092 istud
1104 3053 1127 3094 et
1138 3040 1190 3112 cjns
1198 3039 1334 3113 conjugata
1345 3041 1412 3092 effe-

372 3117 395 3169 3.
413 3117 561 3173 Tomenta,
581 3117 705 3170 Pericula
718 3135 765 3168 ms.
784 3114 850 3169 Par.
899 3129 960 3168 runt
971 3118 1055 3170 nostri
1067 3117 1137 3170 mssti
1147 3137 1173 3170 a.
1185 3118 1210 3170 b.
1222 3139 1243 3172 c.
1258 3137 1315 3172 eum
1328 3119 1360 3172 ed
1377 3119 1412 3172 A.

336 3197 365 3250 d.
375 3213 465 3267 nempe
474 3193 757 3269 interpretementumin
767 3193 852 3247 locum
900 3210 925 3249 et
940 3197 1015 3250 born.
1028 3216 1104 3268 qnam
1114 3199 1261 3271 scripturam
1273 3195 1368 3268 ubique
1376 3216 1412 3248 se·

339 3273 429 3326 veteris
438 3274 567 3349 scripture
581 3271 688 3337 invasit,
702 3292 778 3343 quom
790 3270 852 3343 qui·
900 3285 970 3326 cutus
981 3293 1046 3327 sum.
1059 3274 1139 3330 Sedw.
1160 3330 1163 3338 ,

338 3353 398 3404 dem
415 3351 495 3422 ipsam
512 3349 562 3403 elia
576 3349 638 3403 dein
652 3368 740 3402 manus
754 3348 850 3403 ibidem
932 3373 956 3425 9.
974 3353 1110 3422 Adiuvat,
1131 3373 1175 3426 pro
1194 3352 1299 3425 vulgato
1313 3357 1412 3422 javat,

340 3429 477 3482 adnotavit.
489 3426 570 3482 Scto.
704 3482 707 3493 ,
900 3429 992 3484 dedere
1001 3431 1080 3484 nostri
1089 3449 1146 3483 mss.
1159 3433 1183 3485 d.
1192 3452 1212 3486 c.
1229 3452 1286 3486 cnm
1294 3433 1334 3486 ed.
1342 3433 1377 3488 A.
1389 3447 1414 3485 ct

373 3509 396 3572 4.
407 3507 558 3560 Fluctuant.
570 3507 622 3558 Pro
631 3505 679 3558 boe
690 3524 745 3557 voc.
756 3505 824 3576 quod
837 3525 851 3559 a
900 3527 957 3562 mss.
964 3509 1032 3564 Par.
1040 3507 1160 3582 Opeopoei
1170 3509 1322 3580 Gruterique
1331 3510 1415 3564 omni·

341 3584 510 3657 superioribus
523 3582 679 3636 editionibus
695 3581 723 3634 in
739 3595 851 3636 nostram
899 3585 970 3650 bns;
996 3585 1065 3654 quod
1087 3605 1165 3656 quum
1188 3585 1308 3640 adnotare
1330 3586 1413 3640 stetim

342 3662 472 3725 manarit,
485 3661 623 3731 nititurque
640 3659 785 3712 auctoritate
803 3680 852 3713 no-
900 3660 1415 3729 obiitusessetGruterus,moaitusdcinde

342 3752 450 3791 strorum
458 3735 852 3806 msstorum,erbibentfluctuan-
900 3739 932 3792 nb
944 3740 1091 3813 Opsopoeo,
1106 3741 1133 3792 in
1149 3741 1295 3815 Appendice
1311 3742 1414 3795 demum

342 3828 387 3869 tur
400 3829 544 3890 praestantes
557 3815 711 3868 membrana
723 3817 815 3886 Ampl.
828 3829 852 3869 et
901 3819 945 3890 (ut
956 3817 1037 3870 muita
1054 3817 1119 3888 niia)
1131 3820 1237 3872 noterit.
1253 3821 1291 3874 Ad
1303 3841 1359 3873 voc.
1370 3823 1415 3872 dn-

345 3893 407 3946 d’ar.
420 3895 445 3947 b.
459 3894 528 3965 qnod
540 3893 681 3947 restitutum
693 3892 798 3947 Senecae
810 3913 852 3946 ve·
901 3917 965 3950 num
984 3898 1011 3952 in
1033 3911 1120 3953 nostro
1136 3918 1182 3952 ms.
1201 3911 1326 3974 ospectot
1342 3898 1416 3954 sebn-

342 3970 389 4022 iim
408 3990 415 4026 ε
434 3992 493 4024 nam
511 3971 558 4024 ista
572 3970 642 4023 verbi
656 3973 751 4035 forma,
767 3971 852 4026 minus
901 3975 975 4043 lion,
992 3981 1141 4046 temporale.

344 4047 446 4118 quidem
468 4048 582 4120 alioquin
599 4047 704 4113 usitata,
729 4069 786 4102 eum
807 4049 852 4104 elii
936 4074 974 4108 ιο.
996 4054 1158 4109 Desiderari.
1181 4055 1414 4124 Desidemre,ms.

343 4137 449 4178 utuntur
460 4139 571 4178 unctores
579 4137 664 4179 nostro
672 4128 724 4179 fere
732 4128 852 4197 equuleo,
901 4131 991 4200 Ampl.
1003 4131 1082 4184 Sedsr.

345 4213 398 4254 turn
408 4202 477 4256 idem
486 4204 538 4276 ipse
544 4204 591 4276 Ep.
600 4219 643 4258 cxt
652 4227 690 4277 ‚p.
701 4206 755 4272 153,
763 4205 787 4258 6.
797 4207 852 4260 Co·
939 4209 1093 4266 relectam
1105 4213 1190 4288 scripsi
1202 4235 1261 4270 cum
1275 4225 1362 4270 nostro
1371 4236 1417 4270 ms.
