2975 4992
388 480 657 555 nrrsrons
682 484 836 554 κω.
1087 508 1152 578 21,

88 630 228 709 gat-etur.
247 614 319 681 Hos
331 613 418 681 mihi
436 614 654 685 circulatores
668 621 693 701 ¹,
714 617 775 709 qui
785 613 1035 710 philosophiam
1047 614 1154 683 houe-

85 734 157 799 stius
182 728 431 824 neglexissent,
458 755 559 822 quam
584 731 763 814 vendunt,
794 732 974 812 infaciem
1002 732 1148 824 ingeret.

85 847 246 916 Constitui
272 862 385 915 umen
407 847 628 916 contumelias
652 849 800 941 perpeti.
823 849 960 915 Moveat
984 846 1042 915 ille
1067 848 1151 916 mihi
1175 866 1193 922 e

86 966 182 1030 risum
204 985 214 1024 t
236 986 304 1055 ego
320 962 459 1031 sortasse
477 963 527 1031 illi
547 964 702 1033 lacrimas
716 962 878 1048 movebo,
893 978 976 1041 aut,
993 963 1021 1029 si
1037 962 1152 1032 ridere

85 1078 333 1169 perseverabit,
354 1078 526 1173 gaudebo,
546 1096 706 1173 tanquam
727 1084 763 1148 in
778 1079 896 1161 malis,
914 1075 1007 1171 quod
1022 1076 1074 1145 illi
1096 1102 1154 1171 ge·

84 1220 140 1261 uns
158 1196 302 1263 insanire
321 1195 432 1263 hilare
450 1197 665 1289 contigerit².
689 1196 755 1265 Sed
772 1219 844 1264 nou
861 1210 912 1263 est
927 1194 985 1263 illa
999 1192 1153 1263 hilaritas

83 1312 177 1403 loom
198 1339 207 1378 :
229 1310 397 1399 ohserre3
418 1310 550 1381 videbis
573 1309 709 1381 eosdem
733 1313 824 1380 iutra
841 1312 999 1403 exiguum
1021 1325 1154 1404 tempus

81 1428 245 1496 acerrime
266 1426 404 1512 ridere,
432 1444 467 1497 et
493 1430 658 1499 acerrime
682 1421 840 1516 rebere⁵.
867 1428 1083 1521 Propositum
1102 1442 1153 1495 est
1177 1461 1192 1507 7

82 1544 222 1637 aggredi
240 1543 354 1627 illum,
373 1562 407 1612 et
419 1544 597 1613 ostendere
617 1536 744 1637 quanto
763 1543 872 1638 pluris
889 1538 1026 1626 luerit⁴,
1047 1568 1153 1636 quum

83 1661 192 1728 multis
212 1661 358 1729 minoris
374 1660 562 1730 videretur.
584 1662 675 1731 Vitia
691 1660 786 1754 ejus,
806 1661 906 1729 etiam
927 1662 955 1727 si
974 1684 1044 1730 non
1061 1660 1153 1728 exci-

81 1774 182 1859 dero,
203 1775 373 1845 inhibebo
396 1804 405 1845 :
425 1802 494 1845 nou
520 1775 699 1861 desinent,
720 1777 781 1846 sed
808 1778 1054 1863 intermittent;
1080 1775 1153 1843 tos-

81 1911 161 1961 tasse
174 1908 292 1961 autem
312 1910 348 1961 et
361 1892 536 1980 desinent,
555 1896 583 1963 si
605 1893 851 1964 intermittendi
869 1894 1152 1964 consuetudinem

81 2010 232 2077 iecerint.
251 2012 329 2079 Non
348 2031 399 2080 est
414 2012 481 2079 hoc
493 2013 604 2106 ipsum
623 2011 886 2095 fastidiendum,
902 2012 1062 2103 quoniam
1077 2011 1153 2101 qui·

82 2123 152 2190 dem
174 2124 331 2217 graviter
356 2124 488 2193 allectis
514 2126 666 2193 sanitatis
693 2124 767 2193 loco
795 2140 846 2192 eat
869 2124 959 2193 bonu
983 2123 1148 2190 remissio.

80 2240 162 2309 Dum
180 2263 238 2307 me
257 2238 309 2307 illi
319 2232 332 2275 ⁵
344 2262 446 2333 paro,
462 2254 499 2307 tu
509 2239 664 2324 interim,
678 2242 737 2333 qui
748 2232 879 2334 potes⁶,
894 2241 955 2334 qui
968 2238 1148 2334 intelligis,

109 2550 129 2580 1.
141 2530 337 2595 Gmdatorea,
349 2529 410 2582 dicit
423 2528 492 2583 haud
512 2528 590 2583 dubio
640 2528 724 2599 atejus
733 2529 878 2582 emendatio
889 2532 1001 2583 monia
1008 2528 1103 2581 hilara
1110 2528 1151 2581 ni·

80 2607 204 2681 Sephlstaa
214 2606 378 2679 rhetorasque
386 2607 590 2682 illiustemporia,
639 2606 676 2661 bil
688 2620 732 2663 est.
744 2608 835 2661 Ruth.

78 2686 117 2755 qui
131 2686 197 2739 lueri
221 2685 336 2739 faciendi
351 2706 426 2739 causa
439 2684 514 2739 nrbes
536 2686 591 2739 eir·
672 2683 1151 2757 3.Acern‘erambere.lraetrebieegi·

80 2764 168 2816 conire
177 2761 314 2822 solebant,
332 2776 356 2815 et
367 2763 508 2817 doctrinam
519 2782 591 2817 suern
640 2763 696 2817 tari.
705 2764 802 2817 Varro:
813 2786 826 2811 ι
837 2762 909 2831 Quid
915 2762 1031 2826 blateras,
1039 2762 1102 2833 quid
1109 2779 1151 2814 ra-

76 2840 232 2893 orationibus
257 2838 509 2915 prelertiooihnaque
534 2839 590 2893 aliia
639 2839 769 2912 bia,qnid
781 2841 819 2894 vis
830 2838 991 2913 tibiis-apud
1000 2840 1150 2893 Ciceronem

77 2917 163 2971 habitis
175 2930 316 2973 ostentare.
329 2918 385 2972 Huc
397 2918 487 2971 alludit
500 2918 589 2971 Strabo
637 2932 709 2992 poeta
721 2931 807 2972 retur:
817 2918 889 2973 «Sed
901 2919 963 2990 quid
971 2918 1051 2971 oeulis
1059 2918 1150 2971 rubere

75 2994 125 3057 tt,
142 3016 176 3061 r,
199 2996 226 3049 5.
244 2996 321 3049 Tona.
336 2996 360 3047 lt
371 3034 379 3060 ,
392 3018 416 3069 p.
433 3000 462 3063 ¹4
473 2996 512 3048 ed.
524 2996 590 3069 Lipa·
638 2997 689 3051 viae
702 3011 737 3051 est
746 2997 880 3073 derepente
889 2995 1035 3051 ardentibus
1046 2995 1082 3048 i»
1095 2995 1151 3049 Bo-

76 3073 192 3147 Erempla
223 3073 304 3145 hujus
329 3072 521 3145 significationis
548 3072 590 3127 det
637 3094 698 3127 nuru
708 3075 785 3147 igitur
795 3076 844 3129 boc
856 3075 1003 3129 rechimer
1012 3074 1096 3147 inepte
1110 3086 1150 3127 ta·

75 3150 164 3203 licerer
176 3152 228 3221 Ep.
238 3166 290 3213 ru,
304 3170 333 3216 a,
348 3163 373 3203 et
384 3152 509 3205 Lucienus
519 3152 551 3205 de
563 3170 589 3205 se
637 3172 697 3205 men
710 3154 842 3219 Erasmus,
856 3157 960 3216 nidere,
981 3153 1042 3225 qnia
1053 3165 1077 3204 et
1089 3150 1149 3205 libri

76 3228 125 3297 ipso
140 3240 165 3279 et
179 3226 353 3281 aliislluhlr.
638 3231 742 3301 quidam
754 3232 850 3287 rubere.
869 3231 986 3299 Lipsius.
1016 3236 1021 3243 '

105 3327 127 3357 ι.
141 3306 285 3375 Quodlllr'
294 3306 591 3375 morimoniahllatr
671 3310 695 3374 4.
721 3308 829 3379 Quanto
844 3312 931 3378 pluria
941 3308 1045 3380 fuerit,
1068 3326 1150 3377 quum

73 3388 211 3451 mm'grril.
219 3382 306 3435 lluhk.
318 3383 397 3436 edidit
409 3405 436 3455 q.
458 3388 475 3437 ι’.
485 3406 512 3455 g.
531 3388 548 3437 i.
564 3386 589 3439 h.
637 3388 729 3438 multis
738 3389 847 3439 minoris
853 3388 1018 3439 videntnel.
1027 3397 1149 3456 sonante

72 3465 224 3530 moriger-at.
233 3460 369 3529 humus,
382 3461 484 3533 inquit,
498 3484 526 3517 er
536 3482 589 3517 uuo
637 3464 712 3517 luerit
724 3463 835 3537 digniter
853 3464 923 3535 eiua,
937 3463 1045 3538 amplexi
1063 3480 1149 3515 veram

73 3542 156 3593 rodite
175 3540 247 3594 banc
266 3540 358 3613 praebet
371 3542 514 3596 lectionem.
531 3544 589 3597 nu·
636 3539 824 3615 philosophiam
842 3552 867 3592 et
884 3540 1014 3605 virtutem,
1034 3558 1114 3611 quum
1132 3559 1148 3591 a

74 3620 157 3693 dolph.
171 3620 315 3691 Agricola,
329 3622 426 3674 Erasnfi
438 3624 534 3677 emis-na
546 3644 590 3677 a·
638 3618 801 3670 multitudine
822 3618 1001 3693 negligeretur.
1019 3617 1148 3670 Pertinere

74 3699 589 3763 dsaotna,eamtlemlectionerusuernanu
638 3694 737 3747 Videtur
758 3694 808 3747 ¹¹⁰⁰
833 3694 866 3747 td
892 3693 958 3747 illud
979 3692 1082 3769 Epicuri
1103 3692 1149 3745 di-

75 3791 215 3832 notarent.
225 3778 301 3832 Prius
314 3779 487 3853 publicabatur
499 3798 506 3835 ε
520 3786 592 3852 quod
638 3785 714 3834 tium·
724 3772 848 3845 lsssnlffl
857 3772 950 3841 lupari
959 3770 1015 3833 ΕΜ
1025 3771 1146 3837 xxxvl,

74 3860 112 3907 1¹11}
123 3876 210 3925 gem
226 3860 340 3911 insania
361 3862 459 3913 evirare
474 3864 591 3929 muge.
639 3872 669 3916 2,
682 3865 729 3905 ete.
742 3852 814 3925 vulgi
830 3870 903 3904 voces
914 3870 966 3903 esse
977 3860 1148 3903 contemnen-

75 3940 114 3985 n't.
126 3936 171 3987 sie
186 3955 290 4007 quoque
310 3936 458 3989 Gruteriani
477 3937 589 4010 quinque
638 3929 690 3983 3⁸⁸·
707 3930 798 3984 Md·

75 4024 98 4061 et
110 4010 589 4085 rod.lrf.Amp10nianua.consusm
670 4009 694 4059 5.
707 4006 783 4060 Dum
799 4026 841 4060 me
852 4010 894 4060 illi
901 4026 976 4075 pum.
988 4005 1029 4058 llll
1040 4002 1148 4056 Marcel·

74 4088 170 4155 prohat.
183 4087 283 4161 Lipsius
295 4092 394 4144 confert
407 4089 440 4142 de
450 4090 509 4143 Vita
522 4090 588 4143 beat.
637 4084 707 4141 lino:
721 4086 783 4139 duur
794 4086 868 4139 illum
879 4104 966 4137 sanare
980 4092 1048 4158 paro.

76 4164 136 4237 sap
154 4166 226 4233 Xll,
244 4166 259 4237 §
279 4168 437 4240 ret(quod
460 4167 589 4239 plerisque
670 4168 694 4221 6.
714 4167 772 4239 Qui
784 4168 1147 4238 poos.1nsett.qorjampo-

77 4242 216 4315 adtingit)
227 4244 331 4299 hilarem
347 4244 480 4299 insaniam
491 4246 588 4299 aanirs:
638 4258 692 4301 tens
709 4266 734 4299 es
749 4251 795 4300 tui.
