2975 4992
298 418 366 485 632
594 419 635 485 L.
662 415 840 486 ANNAEI
864 411 1096 491 SENECAEJ

300 562 383 641 gant
395 545 653 639 jurisconsulti¹
675 545 864 642 quidquam
882 544 1058 640 publicum
1076 543 1219 637 neueapi
1238 569 1246 609 ε
1265 542 1384 638 publi-

299 686 378 731 cum
404 677 457 730 eat
479 662 545 733 hoc
568 661 661 757 quod
685 668 804 741 tenee²
819 692 830 750 3
845 662 940 757 quod
959 679 1055 731 tuum
1074 654 1184 743 dicia,
1204 658 1387 753 publicum

300 793 368 861 eat,
388 793 423 847 et
438 779 579 872 quidem
604 782 742 876 generis
760 781 914 850 humani.
934 779 1156 873 Oegregiam
1169 771 1297 845 artem!
1315 777 1386 843 ecio

300 894 449 965 rotunda
465 898 598 985 metiri;
619 898 656 967 in
677 896 883 993 quadratum
906 894 1036 989 redigis
1055 916 1308 987 quamcumque
1324 916 1387 959 ac·

300 1014 434 1105 ceperit
451 1012 614 1100 formam,
630 1014 813 1084 intervalla
824 1012 977 1083 siderum
990 1012 1099 1097 dicie3
1119 1009 1209 1078 nihil
1223 1024 1277 1079 eat
1292 1010 1386 1102 quod

300 1129 337 1197 in
356 1152 547 1197 mensuram
566 1143 658 1197 tuam
679 1152 751 1198 non
770 1127 882 1198 eadat.
904 1127 943 1197 Si
962 1126 1086 1196 artifex
1103 1150 1162 1212 ea,
1182 1126 1306 1195 metire
1318 1123 1387 1192 ho·

301 1246 403 1315 minis
417 1242 590 1315 animum!
612 1244 669 1314 dic
686 1270 790 1339 quam
808 1268 952 1340 magnus
965 1245 1026 1330 ait,
1047 1241 1105 1311 die
1120 1267 1224 1336 quam
1239 1240 1388 1337 pueillue

301 1362 358 1430 eit.
376 1361 468 1448 Seia,
485 1384 561 1453 quae
576 1377 670 1431 recta
684 1362 728 1431 sit
740 1361 832 1431 linea
850 1389 858 1428 ι
874 1360 960 1456 quid
974 1361 1038 1429 tibi
1053 1360 1213 1455 prodeat,
1230 1361 1281 1445 ai,
1300 1358 1388 1454 quid

303 1480 339 1547 in
352 1480 422 1547 vita
435 1494 567 1549 rectum
581 1483 646 1564 ait,
663 1480 826 1574 ignoras?

248 1604 277 1637 ¹²
345 1597 461 1665 .Venio
476 1622 569 1666 nunc
587 1596 633 1665 ad
648 1596 768 1681 illum,
790 1597 853 1690 qui
867 1599 1046 1665 caelestium
1058 1599 1176 1670 notitia
1192 1595 1385 1689 glutiatur:

449 1754 555 1829 Frigida
569 1756 673 1810 Saturni
684 1776 739 1810 oeae
751 1777 804 1828 que
817 1755 889 1810 atella
901 1731 1030 1829 receptet,

455 1846 526 1929 Quae
539 1846 607 1922 ignia
620 1848 677 1901 ceti
689 1846 823 1922 Cyllenius
835 1859 900 1901 erret
910 1846 939 1901 in
952 1846 1052 1900 orbes‘.

303 1979 376 2045 Hoc
388 1976 475 2044 scire
489 1975 574 2068 quid
585 1972 840 2070 proderit⁴iut
855 1976 1022 2047 sollicitus
1038 1978 1120 2062 eim,
1144 2002 1255 2071 quum
1267 1979 1389 2048 Satur-

210 2096 213 2103 “
303 2114 368 2159 nus
388 2104 422 2157 et
439 2092 533 2157 Mare
554 2111 595 2157 ex
616 2091 788 2159 contrario
807 2091 966 2176 stabunt,
991 2106 1051 2160 aut
1068 2116 1175 2185 quum
1192 2092 1389 2160 Mercurius

255 2286 257 2291 ,
303 2205 536 2298 vespertinum
554 2204 655 2274 faciet
669 2230 824 2275 occatum
843 2208 981 2278 vidente
994 2210 1141 2278 Saturno
1156 2209 1308 2277 i’Potiua
1321 2208 1389 2276 hoc

307 2322 433 2389 dieeum
443 2372 455 2408 ,
476 2322 684 2414 ubicumque
702 2339 783 2391 aunt
805 2326 891 2410 iata,
914 2327 1066 2420 propitia
1084 2349 1177 2408 eeae,
1198 2350 1272 2394 non
1289 2349 1388 2419 potae

252 2447 282 2500 13
308 2442 445 2509 mutari.
465 2439 547 2533 Agit
563 2438 622 2507 illa
636 2442 818 2508 continuus
835 2440 920 2511 ordo
937 2436 1107 2512 fatorum⁵
1126 2459 1162 2512 et
1175 2442 1388 2513 inevitabilia

345 2688 821 2759 1.Negan11·urtsconsuttt..pubttcum
870 2690 914 2744 alii
926 2689 1007 2744 lutino
1018 2690 1156 2765 explieant,
1166 2710 1215 2746 nee
1226 2694 1314 2745 forsan
1325 2689 1389 2742 aba·

307 2778 354 2823 est.
377 2771 454 2823 Recte
474 2769 666 2843 jurisconsultos
687 2780 774 2823 noster
792 2768 821 2823 in
870 2789 920 2839 que
933 2768 1139 2842 interpolatione.
1148 2768 1232 2822 Selw.

308 2860 388 2927 partes
398 2868 455 2903 enas
464 2862 551 2916 vocat,
560 2848 652 2924 quippe
659 2847 754 2921 quibua
762 2869 823 2902 eon·
904 2847 928 2899 3.
940 2846 1082 2917 Frigida...
1090 2848 1275 2901 orbenverona
1283 2845 1388 2919 virgitti

307 2938 355 2979 atat
363 2926 508 2981 Stoieorum
517 2924 785 3001 decretaetprineipia
793 2926 823 2979 iu
871 2924 1073 3000 Georg.1,336·
1216 2976 1221 2983 ,

308 3003 406 3057 deliciis
420 3005 506 3059 tuisse.
518 3006 606 3075 Quum
623 3005 692 3058 enim
702 3004 731 3058 bi
743 3004 823 3057 veluti
905 3006 930 3072 4.
942 3003 1074 3059 Hocser're
1082 3005 1283 3076 qnidpmderr't.
1291 3004 1388 3057 Nonne

309 3102 420 3157 regnum
441 3082 572 3156 quoddam
596 3084 696 3158 generis
716 3082 825 3137 humani
872 3083 915 3137 bie
932 3083 1037 3139 Seneee
1054 3083 1205 3155 responderi
1220 3084 1348 3157 potestati
1361 3082 1390 3135 it

308 3160 350 3213 vel
371 3160 540 3215 universalem
570 3161 687 3215 omniurn
716 3160 825 3216 deorum
872 3162 1172 3217 valuissemuonomiam
1183 3160 1391 3232 ut,eertaaqui-

282 3306 284 3312 Α
309 3238 495 3311 hominumque
521 3239 707 3314 rempublicam
730 3251 826 3294 statne·
872 3242 920 3294 buo
930 3254 996 3295 astra
1008 3254 1133 3316 reguntur
1147 3240 1219 3314 leger
1233 3240 1388 3313 retegendo,

281 3363 283 3369 .
309 3329 379 3381 rent,
399 3337 558 3389 consequent
576 3328 642 3385 erat,
656 3330 685 3370 ut
703 3330 728 3370 et
743 3319 825 3371 Jnre-
874 3318 1018 3371 deturbaret
1029 3318 1206 3392 astrologiam,
1219 3337 1279 3390 qun
1294 3336 1325 3369 ex
1340 3318 1390 3369 im·

311 3394 420 3448 consulti
429 3396 498 3449 bona
508 3416 527 3450 e.
537 3393 636 3467 publiea
649 3414 667 3448 s.
680 3393 825 3449 eommunia
874 3398 983 3472 perfecta
994 3409 1078 3449 mutua
1088 3394 1193 3450 celestis
1201 3394 1389 3448 notitiamana·

310 3472 444 3546 dupliciter
463 3473 624 3545 acciperent,
650 3472 826 3544 nonnullaque
874 3472 966 3528 verat?
979 3474 1023 3529 sic
1032 3472 1149 3529 liberates
1162 3470 1310 3546 diacipline
1319 3472 1389 3525 adit

311 3552 383 3605 omni
394 3551 459 3623 jure,
473 3551 523 3605 alia
534 3564 633 3605 tantum
643 3550 699 3623 jure
709 3550 827 3625 gentium
874 3550 1026 3626 proliciunt,
1036 3564 1065 3605 ut
1073 3551 1191 3605 animum
1202 3550 1331 3603 erroribue
1340 3550 1389 3604 auis

311 3632 458 3686 communia
477 3631 648 3705 appellarent,
665 3650 723 3701 quat
740 3644 827 3684 tamen
876 3643 900 3683 et
917 3630 1026 3702 proinde
1046 3628 1197 3693 terroribus,
1213 3649 1282 3699 quoa
1295 3629 1336 3681 ieti
1350 3628 1390 3702 gi-
1453 3671 1458 3677 .

312 3732 341 3764 ex
359 3710 414 3783 jure
430 3708 500 3762 civili
515 3710 692 3763 Romanorum
704 3720 787 3760 errent
798 3706 827 3759 iu
877 3721 959 3783 gnunt
971 3728 1080 3773 errores,
1093 3707 1210 3761 liberent.

310 3786 417 3863 Reipnb.
432 3786 566 3855 dominio,
577 3806 660 3857 neque
673 3804 827 3858 aqnoquam
910 3790 933 3839 5.
947 3788 1089 3840 &namus
1095 3787 1296 3859 ordosatorum.
1304 3784 1389 3854 Quum

312 3862 827 3997 iiibilZiili”i”²'iif““1i
877 3864 1160 3998 ⁰ii⁵²stiii²i²ii⁸
1168 3863 1390 4013 illium&

402 3979 409 3992 ι
549 3984 555 3996 .
648 3977 654 3991 r
757 3981 763 3994 0
877 3967 904 3999 η
1043 3985 1052 4010 ‚

346 4040 370 4070 n.
380 3963 827 4090 Puhttmmesrtiociuodtilnisetc.
878 4024 1014 4078 rationales
1034 4023 1131 4075 animas
1147 4021 1313 4081 tribuebant,
1330 4021 1389 4091 quin

311 4096 453 4150 Variantiu
461 4097 501 4149 hie
511 4096 583 4164 libri;
594 4100 761 4171 eamdemque
769 4120 827 4153 een·
878 4121 906 4155 ea
913 4122 959 4176 pro
968 4101 1017 4154 diis
1024 4099 1153 4155 habebant
1161 4098 1325 4153 divinatione
1330 4116 1389 4170 pre·

313 4176 417 4229 tentiam
435 4175 480 4229 alii
498 4174 600 4229 brevius
615 4178 825 4251 complectuntur,
879 4178 953 4254 ditia,
968 4180 1018 4231 lato
1033 4192 1116 4231 tamen
1129 4174 1248 4229 subditis.
1262 4175 1302 4229 cf.
1315 4173 1390 4250 lipoii
