<?xml version="1.0" encoding="UTF-8"?>
<!DOCTYPE html PUBLIC "-//W3C//DTD XHTML 1.0 Transitional//EN"
    "http://www.w3.org/TR/xhtml1/DTD/xhtml1-transitional.dtd">
<html xmlns="http://www.w3.org/1999/xhtml" xml:lang="en" lang="en">
 <head>
  <title>
</title>
<meta http-equiv="Content-Type" content="text/html;charset=utf-8" />
  <meta name='ocr-system' content='tesseract 3.04.00' />
  <meta name='ocr-capabilities' content='ocr_page ocr_carea ocr_par ocr_line ocrx_word'/>
</head>
<body>
  <div class='ocr_page' id='page_1' title='image "./lannsenecparspr03bouigoog_0276.png"; bbox 0 0 2975 4992; ppageno 0'>
   <div class='ocr_carea' id='block_1_1' title="bbox 362 452 1138 525">
    <p class='ocr_par' dir='ltr' id='par_1_1' title="bbox 362 452 1138 525">
     <span class='ocr_line' id='line_1_1' title="bbox 362 452 1138 525; baseline -0.003 0"><span class='ocrx_word' id='word_1_1' title='bbox 362 456 426 525; x_wconf 78' lang='lat'><strong>262</strong></span> <span class='ocrx_word' id='word_1_2' title='bbox 634 460 674 525; x_wconf 90' lang='lat' dir='ltr'><strong>L.</strong></span> <span class='ocrx_word' id='word_1_3' title='bbox 703 452 890 522; x_wconf 81' lang='lat' dir='ltr'><strong>ANNAEI</strong></span> <span class='ocrx_word' id='word_1_4' title='bbox 914 452 1138 523; x_wconf 82' lang='lat' dir='ltr'>SENECAE</span> 
     </span>
    </p>
   </div>
   <div class='ocr_carea' id='block_1_2' title="bbox 240 584 1430 2540">
    <p class='ocr_par' dir='ltr' id='par_1_2' title="bbox 355 584 1411 681">
     <span class='ocr_line' id='line_1_2' title="bbox 355 584 1411 681; baseline 0.006 -28"><span class='ocrx_word' id='word_1_5' title='bbox 355 584 560 655; x_wconf 73' lang='lat' dir='ltr'><strong>inconsultos</strong></span> <span class='ocrx_word' id='word_1_6' title='bbox 572 608 672 655; x_wconf 83' lang='lat' dir='ltr'><strong>aures</strong></span> <span class='ocrx_word' id='word_1_7' title='bbox 686 587 817 677; x_wconf 90' lang='lat' dir='ltr'><strong>impetu</strong></span> <span class='ocrx_word' id='word_1_8' title='bbox 829 606 966 676; x_wconf 84' lang='lat' dir='ltr'><strong>rapere:</strong></span> <span class='ocrx_word' id='word_1_9' title='bbox 981 584 1190 653; x_wconf 77' lang='lat' dir='ltr'><strong>tractandum</strong></span> <span class='ocrx_word' id='word_1_10' title='bbox 1203 608 1240 653; x_wconf 82' lang='lat' dir='ltr'><strong>ae</strong></span> <span class='ocrx_word' id='word_1_11' title='bbox 1254 608 1411 681; x_wconf 73' lang='lat' dir='ltr'><strong>nonom-</strong></span> 
     </span>
    </p>

    <p class='ocr_par' dir='ltr' id='par_1_3' title="bbox 314 681 1413 913">
     <span class='ocr_line' id='line_1_3' title="bbox 314 681 1412 801; baseline 0.005 -36"><span class='ocrx_word' id='word_1_12' title='bbox 314 716 329 765; x_wconf 84' lang='lat' dir='ltr'>s</span> <span class='ocrx_word' id='word_1_13' title='bbox 355 702 434 791; x_wconf 69' lang='lat' dir='ltr'><strong>bet,</strong></span> <span class='ocrx_word' id='word_1_14' title='bbox 453 681 620 771; x_wconf 84' lang='lat' dir='ltr'><strong>aufertur.</strong></span> <span class='ocrx_word' id='word_1_15' title='bbox 637 698 818 794; x_wconf 86' lang='lat' dir='ltr'><strong>Quomodo</strong></span> <span class='ocrx_word' id='word_1_16' title='bbox 832 716 945 771; x_wconf 87' lang='lat' dir='ltr'><strong>autem</strong></span> <span class='ocrx_word' id='word_1_17' title='bbox 962 722 1084 795; x_wconf 80' lang='lat' dir='ltr'><strong>regere</strong></span> <span class='ocrx_word' id='word_1_18' title='bbox 1100 717 1231 795; x_wconf 71' lang='lat' dir='ltr'><strong>potest,</strong></span> <span class='ocrx_word' id='word_1_19' title='bbox 1257 726 1332 795; x_wconf 73' lang='lat' dir='ltr'><strong>quae</strong></span> <span class='ocrx_word' id='word_1_20' title='bbox 1347 710 1412 801; x_wconf 73' lang='lat' dir='ltr'><strong>regi</strong></span> 
     </span>
     <span class='ocr_line' id='line_1_4' title="bbox 354 816 1413 913; baseline 0.005 -26"><span class='ocrx_word' id='word_1_21' title='bbox 354 844 423 889; x_wconf 90' lang='lat' dir='ltr'><strong>non</strong></span> <span class='ocrx_word' id='word_1_22' title='bbox 436 834 547 913; x_wconf 73' lang='lat' dir='ltr'><strong>potest</strong></span> <span class='ocrx_word' id='word_1_23' title='bbox 559 821 574 887; x_wconf 77' lang='lat' dir='ltr'><strong>t</strong></span> <span class='ocrx_word' id='word_1_24' title='bbox 587 818 684 911; x_wconf 86' lang='lat' dir='ltr'><strong>Quid</strong></span> <span class='ocrx_word' id='word_1_25' title='bbox 692 868 703 904; x_wconf 94' lang='lat'><strong>,</strong></span> <span class='ocrx_word' id='word_1_26' title='bbox 719 816 814 911; x_wconf 91' lang='lat' dir='ltr'><strong>quod</strong></span> <span class='ocrx_word' id='word_1_27' title='bbox 825 816 901 886; x_wconf 80' lang='lat' dir='ltr'><strong>haec</strong></span> <span class='ocrx_word' id='word_1_28' title='bbox 914 817 1022 887; x_wconf 86' lang='lat' dir='ltr'><strong>oratio</strong></span> <span class='ocrx_word' id='word_1_29' title='bbox 1035 867 1046 903; x_wconf 94' lang='lat'><strong>,</strong></span> <span class='ocrx_word' id='word_1_30' title='bbox 1062 818 1139 911; x_wconf 80' lang='lat' dir='ltr'><strong>q&#39;uae</strong></span> <span class='ocrx_word' id='word_1_31' title='bbox 1153 818 1312 889; x_wconf 71' lang='lat' dir='ltr'><strong>sanandis</strong></span> <span class='ocrx_word' id='word_1_32' title='bbox 1325 846 1413 893; x_wconf 88' lang='lat' dir='ltr'><strong>men·</strong></span> 
     </span>
    </p>

    <p class='ocr_par' dir='ltr' id='par_1_4' title="bbox 353 932 1418 1261">
     <span class='ocr_line' id='line_1_5' title="bbox 353 932 1414 1016; baseline 0.004 -13"><span class='ocrx_word' id='word_1_33' title='bbox 353 935 445 1005; x_wconf 83' lang='lat' dir='ltr'><strong>tibuo</strong></span> <span class='ocrx_word' id='word_1_34' title='bbox 461 933 659 1016; x_wconf 84' lang='lat' dir='ltr'><strong>adhibetur,</strong></span> <span class='ocrx_word' id='word_1_35' title='bbox 686 932 895 1003; x_wconf 79' lang='lat' dir='ltr'><strong>descendere</strong></span> <span class='ocrx_word' id='word_1_36' title='bbox 910 934 948 1001; x_wconf 90' lang='lat' dir='ltr'><strong>in</strong></span> <span class='ocrx_word' id='word_1_37' title='bbox 965 957 1027 1002; x_wconf 79' lang='lat' dir='ltr'><strong>noa</strong></span> <span class='ocrx_word' id='word_1_38' title='bbox 1044 934 1172 1002; x_wconf 80' lang='lat' dir='ltr'><strong>debet?</strong></span> <span class='ocrx_word' id='word_1_39' title='bbox 1186 935 1335 1004; x_wconf 78' lang='lat' dir='ltr'><strong>remedia</strong></span> <span class='ocrx_word' id='word_1_40' title='bbox 1352 962 1414 1007; x_wconf 90' lang='lat' dir='ltr'><strong>non</strong></span> 
     </span>
     <span class='ocr_line' id='line_1_6' title="bbox 361 1049 1416 1145; baseline 0.002 -26"><span class='ocrx_word' id='word_1_41' title='bbox 361 1067 522 1145; x_wconf 78' lang='lat' dir='ltr'><strong>prosunt,</strong></span> <span class='ocrx_word' id='word_1_42' title='bbox 540 1051 608 1119; x_wconf 76' lang='lat' dir='ltr'><strong>nisi</strong></span> <span class='ocrx_word' id='word_1_43' title='bbox 625 1051 860 1119; x_wconf 82' lang='lat' dir='ltr'><strong>immorentur.</strong></span> <span class='ocrx_word' id='word_1_44' title='bbox 879 1049 1026 1118; x_wconf 89' lang='lat' dir='ltr'><strong>Multum</strong></span> <span class='ocrx_word' id='word_1_45' title='bbox 1044 1065 1210 1143; x_wconf 73' lang='lat' dir='ltr'><strong>praeterea</strong></span> <span class='ocrx_word' id='word_1_46' title='bbox 1226 1050 1330 1121; x_wconf 88' lang='lat' dir='ltr'><strong>habet</strong></span> <span class='ocrx_word' id='word_1_47' title='bbox 1344 1054 1416 1121; x_wconf 87' lang='lat' dir='ltr'><strong>ina-</strong></span> 
     </span>
     <span class='ocr_line' id='line_1_7' title="bbox 353 1167 1418 1261; baseline 0.003 -24"><span class='ocrx_word' id='word_1_48' title='bbox 353 1171 470 1238; x_wconf 73' lang='lat' dir='ltr'><strong>nitatis</strong></span> <span class='ocrx_word' id='word_1_49' title='bbox 494 1184 529 1237; x_wconf 87' lang='lat' dir='ltr'><strong>et</strong></span> <span class='ocrx_word' id='word_1_50' title='bbox 553 1168 654 1253; x_wconf 71' lang='lat' dir='ltr'><strong>vani,</strong></span> <span class='ocrx_word' id='word_1_51' title='bbox 677 1168 756 1261; x_wconf 79' lang='lat' dir='ltr'><strong>plus</strong></span> <span class='ocrx_word' id='word_1_52' title='bbox 772 1183 889 1251; x_wconf 72' lang='lat' dir='ltr'><strong>tonat,</strong></span> <span class='ocrx_word' id='word_1_53' title='bbox 908 1191 1009 1259; x_wconf 72' lang='lat' dir='ltr'><strong>quiam</strong></span> <span class='ocrx_word' id='word_1_54' title='bbox 1026 1167 1129 1235; x_wconf 82' lang='lat' dir='ltr'><strong>valet.</strong></span> <span class='ocrx_word' id='word_1_55' title='bbox 1150 1168 1328 1239; x_wconf 76' lang='lat' dir='ltr'><strong>Lenienda</strong></span> <span class='ocrx_word' id='word_1_56' title='bbox 1345 1189 1418 1240; x_wconf 80' lang='lat' dir='ltr'><strong>eunt</strong></span> 
     </span>
    </p>

    <p class='ocr_par' dir='ltr' id='par_1_5' title="bbox 354 1282 1418 1495">
     <span class='ocr_line' id='line_1_8' title="bbox 355 1282 1418 1376; baseline 0.002 -23"><span class='ocrx_word' id='word_1_57' title='bbox 355 1308 431 1376; x_wconf 88' lang='lat' dir='ltr'><strong>quae</strong></span> <span class='ocrx_word' id='word_1_58' title='bbox 456 1309 511 1353; x_wconf 88' lang='lat' dir='ltr'><strong>me</strong></span> <span class='ocrx_word' id='word_1_59' title='bbox 533 1298 726 1368; x_wconf 71' lang='lat' dir='ltr'><strong>exterrent,</strong></span> <span class='ocrx_word' id='word_1_60' title='bbox 756 1282 1002 1376; x_wconf 69' lang='lat' dir='ltr'><strong>compescenda</strong></span> <span class='ocrx_word' id='word_1_61' title='bbox 1026 1308 1103 1376; x_wconf 73' lang='lat' dir='ltr'><strong>que</strong></span> <span class='ocrx_word' id='word_1_62' title='bbox 1120 1285 1281 1368; x_wconf 84' lang='lat' dir='ltr'><strong>irritant,</strong></span> <span class='ocrx_word' id='word_1_63' title='bbox 1305 1283 1418 1355; x_wconf 77' lang='lat' dir='ltr'><strong>diaeta-</strong></span> 
     </span>
     <span class='ocr_line' id='line_1_9' title="bbox 354 1398 1418 1495; baseline 0.002 -28"><span class='ocrx_word' id='word_1_64' title='bbox 354 1399 471 1468; x_wconf 88' lang='lat' dir='ltr'><strong>tienda</strong></span> <span class='ocrx_word' id='word_1_65' title='bbox 486 1424 561 1492; x_wconf 85' lang='lat' dir='ltr'><strong>quae</strong></span> <span class='ocrx_word' id='word_1_66' title='bbox 575 1399 718 1487; x_wconf 74' lang='lat' dir='ltr'><strong>fallunt,</strong></span> <span class='ocrx_word' id='word_1_67' title='bbox 738 1398 927 1469; x_wconf 87' lang='lat' dir='ltr'><strong>inhibenda</strong></span> <span class='ocrx_word' id='word_1_68' title='bbox 939 1399 1090 1484; x_wconf 87' lang='lat' dir='ltr'><strong>luxuria,</strong></span> <span class='ocrx_word' id='word_1_69' title='bbox 1114 1399 1333 1495; x_wconf 83' lang='lat' dir='ltr'><strong>corripienda</strong></span> <span class='ocrx_word' id='word_1_70' title='bbox 1344 1425 1418 1469; x_wconf 83' lang='lat' dir='ltr'><strong>ara·</strong></span> 
     </span>
    </p>

    <p class='ocr_par' dir='ltr' id='par_1_6' title="bbox 314 1515 1421 1611">
     <span class='ocr_line' id='line_1_10' title="bbox 314 1515 1421 1611; baseline -0.001 -25"><span class='ocrx_word' id='word_1_71' title='bbox 314 1533 331 1586; x_wconf 82' lang='grc'><strong>6</strong></span> <span class='ocrx_word' id='word_1_72' title='bbox 356 1517 447 1585; x_wconf 89' lang='lat' dir='ltr'><strong>ritia.</strong></span> <span class='ocrx_word' id='word_1_73' title='bbox 467 1515 564 1611; x_wconf 86' lang='lat' dir='ltr'><strong>Quid</strong></span> <span class='ocrx_word' id='word_1_74' title='bbox 582 1516 703 1585; x_wconf 86' lang='lat' dir='ltr'><strong>horum</strong></span> <span class='ocrx_word' id='word_1_75' title='bbox 723 1518 848 1609; x_wconf 86' lang='lat' dir='ltr'><strong>raptim</strong></span> <span class='ocrx_word' id='word_1_76' title='bbox 863 1533 974 1610; x_wconf 73' lang='lat' dir='ltr'><strong>potest</strong></span> <span class='ocrx_word' id='word_1_77' title='bbox 989 1518 1094 1586; x_wconf 77' lang='lat' dir='ltr'><strong>fieri?</strong></span> <span class='ocrx_word' id='word_1_78' title='bbox 1114 1518 1192 1610; x_wconf 81' lang='lat' dir='ltr'><strong>quia</strong></span> <span class='ocrx_word' id='word_1_79' title='bbox 1211 1515 1364 1587; x_wconf 83' lang='lat' dir='ltr'><strong>mediouo</strong></span> <span class='ocrx_word' id='word_1_80' title='bbox 1387 1519 1421 1585; x_wconf 87' lang='lat' dir='ltr'><strong>io</strong></span> 
     </span>
    </p>

    <p class='ocr_par' dir='ltr' id='par_1_7' title="bbox 240 1630 1423 1821">
     <span class='ocr_line' id='line_1_11' title="bbox 240 1630 1421 1731; baseline 0.002 -30"><span class='ocrx_word' id='word_1_81' title='bbox 240 1666 243 1673; x_wconf 91' lang='grc'>·</span> <span class='ocrx_word' id='word_1_82' title='bbox 355 1633 501 1702; x_wconf 84' lang='lat' dir='ltr'><strong>transitu</strong></span> <span class='ocrx_word' id='word_1_83' title='bbox 511 1647 608 1701; x_wconf 86' lang='lat' dir='ltr'><strong>curat</strong></span> <span class='ocrx_word' id='word_1_84' title='bbox 623 1655 730 1725; x_wconf 80' lang='lat' dir='ltr'><strong>aegroa</strong></span> <span class='ocrx_word' id='word_1_85' title='bbox 741 1633 756 1699; x_wconf 76' lang='grc' dir='ltr'>Ρ</span> <span class='ocrx_word' id='word_1_86' title='bbox 769 1630 889 1726; x_wconf 87' lang='lat' dir='ltr'><strong>Quid,</strong></span> <span class='ocrx_word' id='word_1_87' title='bbox 903 1631 996 1725; x_wconf 89' lang='lat' dir='ltr'><strong>quod</strong></span> <span class='ocrx_word' id='word_1_88' title='bbox 1012 1658 1057 1702; x_wconf 85' lang='lat' dir='ltr'><strong>ne</strong></span> <span class='ocrx_word' id='word_1_89' title='bbox 1070 1634 1279 1731; x_wconf 80' lang='lat' dir='ltr'><strong>voluptatem</strong></span> <span class='ocrx_word' id='word_1_90' title='bbox 1288 1632 1421 1728; x_wconf 85' lang='lat' dir='ltr'><strong>quidem</strong></span> 
     </span>
     <span class='ocr_line' id='line_1_12' title="bbox 356 1748 1423 1821; baseline 0.004 -4"><span class='ocrx_word' id='word_1_91' title='bbox 356 1749 459 1817; x_wconf 89' lang='lat' dir='ltr'><strong>ullam</strong></span> <span class='ocrx_word' id='word_1_92' title='bbox 479 1748 583 1817; x_wconf 88' lang='lat' dir='ltr'><strong>habet</strong></span> <span class='ocrx_word' id='word_1_93' title='bbox 601 1748 676 1817; x_wconf 83' lang='lat' dir='ltr'><strong>talia</strong></span> <span class='ocrx_word' id='word_1_94' title='bbox 688 1748 873 1818; x_wconf 82' lang='lat' dir='ltr'><strong>verborum</strong></span> <span class='ocrx_word' id='word_1_95' title='bbox 889 1750 963 1817; x_wconf 73' lang='lat' dir='ltr'><strong>aine</strong></span> <span class='ocrx_word' id='word_1_96' title='bbox 980 1750 1117 1820; x_wconf 83' lang='lat' dir='ltr'><strong>delectu</strong></span> <span class='ocrx_word' id='word_1_97' title='bbox 1138 1753 1313 1821; x_wconf 86' lang='lat' dir='ltr'><strong>ruentium</strong></span> <span class='ocrx_word' id='word_1_98' title='bbox 1338 1769 1423 1820; x_wconf 79' lang='lat' dir='ltr'><strong>atre-</strong></span> 
     </span>
    </p>

    <p class='ocr_par' dir='ltr' id='par_1_8' title="bbox 243 1863 1429 2308">
     <span class='ocr_line' id='line_1_13' title="bbox 243 1863 1422 1961; baseline 0.007 -34"><span class='ocrx_word' id='word_1_99' title='bbox 243 1917 248 1927; x_wconf 92' lang='lat'><strong>.</strong></span> <span class='ocrx_word' id='word_1_100' title='bbox 355 1866 474 1961; x_wconf 77' lang='lat' dir='ltr'><strong>pitus?</strong></span> <span class='ocrx_word' id='word_1_101' title='bbox 490 1863 579 1948; x_wconf 88' lang='lat' dir='ltr'><strong>Sed,</strong></span> <span class='ocrx_word' id='word_1_102' title='bbox 599 1880 637 1933; x_wconf 91' lang='lat' dir='ltr'><strong>ut</strong></span> <span class='ocrx_word' id='word_1_103' title='bbox 655 1864 842 1958; x_wconf 83' lang='lat' dir='ltr'><strong>pleraque,</strong></span> <span class='ocrx_word' id='word_1_104' title='bbox 859 1890 935 1959; x_wconf 82' lang='lat' dir='ltr'><strong>quae</strong></span> <span class='ocrx_word' id='word_1_105' title='bbox 954 1866 1030 1935; x_wconf 88' lang='lat' dir='ltr'><strong>fieri</strong></span> <span class='ocrx_word' id='word_1_106' title='bbox 1047 1888 1144 1960; x_wconf 74' lang='lat' dir='ltr'><strong>potae</strong></span> <span class='ocrx_word' id='word_1_107' title='bbox 1158 1874 1228 1935; x_wconf 90' lang='lat' dir='ltr'><strong>n&#39;on</strong></span> <span class='ocrx_word' id='word_1_108' title='bbox 1246 1865 1422 1953; x_wconf 74' lang='lat' dir='ltr'><strong>erederet,</strong></span> 
     </span>
     <span class='ocr_line' id='line_1_14' title="bbox 356 1982 1422 2076; baseline 0.002 -25"><span class='ocrx_word' id='word_1_109' title='bbox 356 1983 554 2076; x_wconf 75' lang='lat' dir='ltr'><strong>cognovisse</strong></span> <span class='ocrx_word' id='word_1_110' title='bbox 568 1982 648 2049; x_wconf 79' lang='lat' dir='ltr'><strong>antio</strong></span> <span class='ocrx_word' id='word_1_111' title='bbox 670 1996 720 2049; x_wconf 83' lang='lat' dir='ltr'><strong>eat</strong></span> <span class='ocrx_word' id='word_1_112' title='bbox 737 2010 748 2069; x_wconf 80' lang='lat'><em>3</em></span> <span class='ocrx_word' id='word_1_113' title='bbox 768 1983 816 2051; x_wconf 86' lang='lat' dir='ltr'><strong>ita</strong></span> <span class='ocrx_word' id='word_1_114' title='bbox 832 1984 934 2065; x_wconf 77' lang='lat' dir='ltr'><strong>iatoo,</strong></span> <span class='ocrx_word' id='word_1_115' title='bbox 954 1984 1015 2075; x_wconf 92' lang='lat' dir='ltr'><strong>qui</strong></span> <span class='ocrx_word' id='word_1_116' title='bbox 1035 1983 1140 2053; x_wconf 84' lang='lat' dir='ltr'><strong>verba</strong></span> <span class='ocrx_word' id='word_1_117' title='bbox 1164 1995 1422 2067; x_wconf 67' lang='lat' dir='ltr'><strong>&#39;exet-ouem,</strong></span> 
     </span>
     <span class='ocr_line' id='line_1_15' title="bbox 356 2097 1428 2193; baseline 0 -26"><span class='ocrx_word' id='word_1_118' title='bbox 356 2098 492 2167; x_wconf 82' lang='lat' dir='ltr'><strong>abunde</strong></span> <span class='ocrx_word' id='word_1_119' title='bbox 509 2113 560 2165; x_wconf 80' lang='lat' dir='ltr'><strong>eat</strong></span> <span class='ocrx_word' id='word_1_120' title='bbox 572 2097 676 2166; x_wconf 72' lang='lat' dir='ltr'><strong>semel</strong></span> <span class='ocrx_word' id='word_1_121' title='bbox 690 2098 839 2166; x_wconf 82' lang='lat' dir='ltr'><strong>audiaae.</strong></span> <span class='ocrx_word' id='word_1_122' title='bbox 854 2097 952 2191; x_wconf 87' lang='lat' dir='ltr'><strong>Quid</strong></span> <span class='ocrx_word' id='word_1_123' title='bbox 968 2100 1058 2168; x_wconf 86' lang='lat' dir='ltr'><strong>euim</strong></span> <span class='ocrx_word' id='word_1_124' title='bbox 1076 2100 1155 2193; x_wconf 81' lang='lat' dir='ltr'><strong>quia</strong></span> <span class='ocrx_word' id='word_1_125' title='bbox 1175 2100 1329 2184; x_wconf 72' lang='lat' dir='ltr'><strong>discere,</strong></span> <span class='ocrx_word' id='word_1_126' title='bbox 1347 2098 1428 2193; x_wconf 89' lang='lat' dir='ltr'><strong>quid</strong></span> 
     </span>
     <span class='ocr_line' id='line_1_16' title="bbox 357 2212 1429 2308; baseline 0.002 -26"><span class='ocrx_word' id='word_1_127' title='bbox 357 2215 483 2283; x_wconf 87' lang='lat' dir='ltr'><strong>imitari</strong></span> <span class='ocrx_word' id='word_1_128' title='bbox 495 2214 603 2283; x_wconf 80' lang='lat' dir='ltr'><strong>veliti&gt;</strong></span> <span class='ocrx_word' id='word_1_129' title='bbox 615 2212 699 2307; x_wconf 91' lang='lat' dir='ltr'><strong>quid</strong></span> <span class='ocrx_word' id='word_1_130' title='bbox 714 2212 757 2281; x_wconf 90' lang='lat' dir='ltr'><strong>de</strong></span> <span class='ocrx_word' id='word_1_131' title='bbox 771 2225 888 2281; x_wconf 84' lang='lat' dir='ltr'><strong>eorum</strong></span> <span class='ocrx_word' id='word_1_132' title='bbox 901 2215 1015 2283; x_wconf 83' lang='lat' dir='ltr'><strong>animo</strong></span> <span class='ocrx_word' id='word_1_133' title='bbox 1023 2214 1177 2307; x_wconf 84' lang='lat' dir='ltr'><strong>judicet,</strong></span> <span class='ocrx_word' id='word_1_134' title='bbox 1193 2239 1342 2308; x_wconf 87' lang='lat' dir='ltr'><strong>quorum</strong></span> <span class='ocrx_word' id='word_1_135' title='bbox 1358 2238 1429 2284; x_wconf 87' lang='lat' dir='ltr'><strong>ora-</strong></span> 
     </span>
    </p>

    <p class='ocr_par' dir='ltr' id='par_1_9' title="bbox 318 2328 1430 2540">
     <span class='ocr_line' id='line_1_17' title="bbox 318 2328 1430 2424; baseline 0.002 -27"><span class='ocrx_word' id='word_1_136' title='bbox 318 2371 330 2419; x_wconf 85' lang='lat'><strong>7</strong></span> <span class='ocrx_word' id='word_1_137' title='bbox 358 2331 404 2398; x_wconf 89' lang='lat' dir='ltr'><strong>tio</strong></span> <span class='ocrx_word' id='word_1_138' title='bbox 418 2329 615 2421; x_wconf 84' lang='lat' dir='ltr'><strong>perturbata</strong></span> <span class='ocrx_word' id='word_1_139' title='bbox 624 2345 658 2397; x_wconf 88' lang='lat' dir='ltr'><strong>et</strong></span> <span class='ocrx_word' id='word_1_140' title='bbox 667 2330 816 2397; x_wconf 75' lang='lat' dir='ltr'><strong>immista</strong></span> <span class='ocrx_word' id='word_1_141' title='bbox 827 2345 878 2397; x_wconf 77' lang='lat' dir='ltr'><strong>est</strong></span> <span class='ocrx_word' id='word_1_142' title='bbox 888 2333 915 2411; x_wconf 85' lang='lat'><strong>²,</strong></span> <span class='ocrx_word' id='word_1_143' title='bbox 928 2353 992 2397; x_wconf 85' lang='lat' dir='ltr'><strong>nec</strong></span> <span class='ocrx_word' id='word_1_144' title='bbox 1001 2346 1113 2422; x_wconf 77' lang='lat' dir='ltr'><strong>potest</strong></span> <span class='ocrx_word' id='word_1_145' title='bbox 1120 2332 1264 2424; x_wconf 81' lang='lat' dir='ltr'><strong>reprimi</strong></span> <span class='ocrx_word' id='word_1_146' title='bbox 1276 2328 1285 2397; x_wconf 78' lang='lat' dir='ltr'>l</span> <span class='ocrx_word' id='word_1_147' title='bbox 1300 2333 1430 2424; x_wconf 88' lang='lat' dir='ltr'><strong>Quem-</strong></span> 
     </span>
     <span class='ocr_line' id='line_1_18' title="bbox 356 2445 1428 2540; baseline 0 -25"><span class='ocrx_word' id='word_1_148' title='bbox 356 2445 537 2515; x_wconf 86' lang='lat' dir='ltr'><strong>admodum</strong></span> <span class='ocrx_word' id='word_1_149' title='bbox 556 2470 619 2540; x_wconf 88' lang='lat' dir='ltr'><strong>per</strong></span> <span class='ocrx_word' id='word_1_150' title='bbox 642 2446 793 2539; x_wconf 85' lang='lat' dir='ltr'><strong>proclive</strong></span> <span class='ocrx_word' id='word_1_151' title='bbox 815 2447 1047 2528; x_wconf 85' lang='lat' dir='ltr'><strong>currentium,</strong></span> <span class='ocrx_word' id='word_1_152' title='bbox 1066 2471 1136 2515; x_wconf 90' lang='lat' dir='ltr'><strong>non</strong></span> <span class='ocrx_word' id='word_1_153' title='bbox 1150 2448 1212 2516; x_wconf 91' lang='lat' dir='ltr'><strong>ubi</strong></span> <span class='ocrx_word' id='word_1_154' title='bbox 1225 2450 1339 2516; x_wconf 82' lang='lat' dir='ltr'><strong>visum</strong></span> <span class='ocrx_word' id='word_1_155' title='bbox 1358 2464 1428 2531; x_wconf 79' lang='lat' dir='ltr'><strong>eat,</strong></span> 
     </span>
    </p>
   </div>
   <div class='ocr_carea' id='block_1_3' title="bbox 320 2560 1438 3356">
    <p class='ocr_par' dir='ltr' id='par_1_10' title="bbox 320 2560 1438 3356">
     <span class='ocr_line' id='line_1_19' title="bbox 358 2560 1429 2658; baseline 0.001 -29"><span class='ocrx_word' id='word_1_156' title='bbox 358 2562 483 2657; x_wconf 78' lang='lat' dir='ltr'><strong>gradus</strong></span> <span class='ocrx_word' id='word_1_157' title='bbox 501 2563 649 2649; x_wconf 83' lang='lat' dir='ltr'><strong>aiatitur;</strong></span> <span class='ocrx_word' id='word_1_158' title='bbox 669 2560 729 2647; x_wconf 84' lang='lat' dir='ltr'><strong>sed</strong></span> <span class='ocrx_word' id='word_1_159' title='bbox 747 2562 886 2629; x_wconf 86' lang='lat' dir='ltr'><strong>incitato</strong></span> <span class='ocrx_word' id='word_1_160' title='bbox 903 2564 1057 2653; x_wconf 70' lang='lat' dir='ltr'><strong>eorporis</strong></span> <span class='ocrx_word' id='word_1_161' title='bbox 1075 2563 1230 2654; x_wconf 83' lang='lat' dir='ltr'><strong>pondere</strong></span> <span class='ocrx_word' id='word_1_162' title='bbox 1253 2586 1292 2631; x_wconf 81' lang='lat' dir='ltr'><strong>ee</strong></span> <span class='ocrx_word' id='word_1_163' title='bbox 1320 2566 1429 2658; x_wconf 89' lang='lat' dir='ltr'><strong>rapit,</strong></span> 
     </span>
     <span class='ocr_line' id='line_1_20' title="bbox 356 2658 1433 2771; baseline 0.001 -24"><span class='ocrx_word' id='word_1_164' title='bbox 356 2703 397 2748; x_wconf 89' lang='lat' dir='ltr'><strong>ac</strong></span> <span class='ocrx_word' id='word_1_165' title='bbox 413 2658 564 2771; x_wconf 79' lang='lat' dir='ltr'><strong>longius,</strong></span> <span class='ocrx_word' id='word_1_166' title='bbox 587 2702 688 2771; x_wconf 92' lang='lat' dir='ltr'><strong>quam</strong></span> <span class='ocrx_word' id='word_1_167' title='bbox 712 2678 848 2759; x_wconf 61' lang='lat' dir='ltr'><strong>voluit„</strong></span> <span class='ocrx_word' id='word_1_168' title='bbox 863 2669 1003 2756; x_wconf 76' lang='lat' dir='ltr'><strong>effertur</strong></span> <span class='ocrx_word' id='word_1_169' title='bbox 1021 2705 1028 2744; x_wconf 93' lang='lat'>:</span> <span class='ocrx_word' id='word_1_170' title='bbox 1049 2680 1098 2746; x_wconf 83' lang='lat' dir='ltr'><strong>aie</strong></span> <span class='ocrx_word' id='word_1_171' title='bbox 1122 2680 1185 2747; x_wconf 81' lang='lat' dir='ltr'><strong>iota</strong></span> <span class='ocrx_word' id='word_1_172' title='bbox 1210 2676 1353 2749; x_wconf 82' lang='lat' dir='ltr'><strong>dicendi</strong></span> <span class='ocrx_word' id='word_1_173' title='bbox 1377 2704 1433 2748; x_wconf 89' lang='lat' dir='ltr'><strong>ee-</strong></span> 
     </span>
     <span class='ocr_line' id='line_1_21' title="bbox 358 2795 1434 2890; baseline 0.004 -29"><span class='ocrx_word' id='word_1_174' title='bbox 358 2795 473 2864; x_wconf 72' lang='lat' dir='ltr'><strong>{eritas</strong></span> <span class='ocrx_word' id='word_1_175' title='bbox 490 2819 554 2865; x_wconf 87' lang='lat' dir='ltr'><strong>neo</strong></span> <span class='ocrx_word' id='word_1_176' title='bbox 570 2796 608 2862; x_wconf 92' lang='lat' dir='ltr'><strong>in</strong></span> <span class='ocrx_word' id='word_1_177' title='bbox 622 2819 689 2865; x_wconf 75' lang='lat' dir='ltr'><strong>aua.</strong></span> <span class='ocrx_word' id='word_1_178' title='bbox 697 2809 862 2887; x_wconf 70' lang='lat' dir='ltr'><strong>potestate</strong></span> <span class='ocrx_word' id='word_1_179' title='bbox 879 2810 953 2877; x_wconf 77' lang='lat' dir='ltr'><strong>eat,</strong></span> <span class='ocrx_word' id='word_1_180' title='bbox 971 2818 1037 2863; x_wconf 86' lang='lat' dir='ltr'><strong>nee</strong></span> <span class='ocrx_word' id='word_1_181' title='bbox 1048 2796 1130 2864; x_wconf 75' lang='lat' dir='ltr'><strong>satia</strong></span> <span class='ocrx_word' id='word_1_182' title='bbox 1144 2796 1269 2865; x_wconf 81' lang='lat' dir='ltr'><strong>deeora</strong></span> <span class='ocrx_word' id='word_1_183' title='bbox 1278 2798 1434 2890; x_wconf 69' lang='lat' dir='ltr'><strong>philoso-</strong></span> 
     </span>
     <span class='ocr_line' id='line_1_22' title="bbox 357 2909 1435 3009; baseline 0.002 -30"><span class='ocrx_word' id='word_1_184' title='bbox 357 2912 468 3004; x_wconf 82' lang='lat' dir='ltr'><strong>phiae,</strong></span> <span class='ocrx_word' id='word_1_185' title='bbox 496 2935 571 3004; x_wconf 84' lang='lat' dir='ltr'><strong>quae</strong></span> <span class='ocrx_word' id='word_1_186' title='bbox 597 2933 726 3003; x_wconf 86' lang='lat' dir='ltr'><strong>ponere</strong></span> <span class='ocrx_word' id='word_1_187' title='bbox 743 2909 845 2979; x_wconf 90' lang='lat' dir='ltr'><strong>debet</strong></span> <span class='ocrx_word' id='word_1_188' title='bbox 861 2911 988 2996; x_wconf 84' lang='lat' dir='ltr'><strong>verba,</strong></span> <span class='ocrx_word' id='word_1_189' title='bbox 1012 2936 1081 2979; x_wconf 90' lang='lat' dir='ltr'><strong>non</strong></span> <span class='ocrx_word' id='word_1_190' title='bbox 1105 2912 1297 3006; x_wconf 85' lang='lat' dir='ltr'><strong>projicere,</strong></span> <span class='ocrx_word' id='word_1_191' title='bbox 1321 2931 1357 2983; x_wconf 87' lang='lat' dir='ltr'><strong>et</strong></span> <span class='ocrx_word' id='word_1_192' title='bbox 1370 2938 1435 3009; x_wconf 90' lang='lat' dir='ltr'><strong>pe-</strong></span> 
     </span>
     <span class='ocr_line' id='line_1_23' title="bbox 359 3024 1438 3122; baseline 0.001 -27"><span class='ocrx_word' id='word_1_193' title='bbox 359 3026 521 3095; x_wconf 88' lang='lat' dir='ltr'><strong>detentim</strong></span> <span class='ocrx_word' id='word_1_194' title='bbox 547 3024 746 3118; x_wconf 82' lang='lat' dir='ltr'><strong>procedere.</strong></span> <span class='ocrx_word' id='word_1_195' title='bbox 779 3064 818 3077; x_wconf 98' lang='lat'><em>-</em></span> <span class='ocrx_word' id='word_1_196' title='bbox 841 3025 938 3118; x_wconf 91' lang='lat' dir='ltr'><strong>Quid</strong></span> <span class='ocrx_word' id='word_1_197' title='bbox 960 3030 1069 3122; x_wconf 76' lang='lat' dir='ltr'><strong>ergo?</strong></span> <span class='ocrx_word' id='word_1_198' title='bbox 1091 3053 1160 3097; x_wconf 90' lang='lat' dir='ltr'><strong>non</strong></span> <span class='ocrx_word' id='word_1_199' title='bbox 1189 3029 1383 3121; x_wconf 87' lang='lat' dir='ltr'><strong>aliquando</strong></span> <span class='ocrx_word' id='word_1_200' title='bbox 1405 3047 1438 3098; x_wconf 90' lang='lat' dir='ltr'><strong>et</strong></span> 
     </span>
     <span class='ocr_line' id='line_1_24' title="bbox 360 3142 1436 3241; baseline 0.006 -31"><span class='ocrx_word' id='word_1_201' title='bbox 360 3143 539 3238; x_wconf 76' lang='lat' dir='ltr'><strong>insurget?</strong></span> <span class='ocrx_word' id='word_1_202' title='bbox 556 3181 595 3195; x_wconf 92' lang='lat'>-</span> <span class='ocrx_word' id='word_1_203' title='bbox 615 3143 775 3235; x_wconf 74' lang='lat' dir='ltr'><strong>Quidni?</strong></span> <span class='ocrx_word' id='word_1_204' title='bbox 790 3142 850 3211; x_wconf 78' lang='lat' dir='ltr'><strong>aed</strong></span> <span class='ocrx_word' id='word_1_205' title='bbox 866 3144 959 3211; x_wconf 73' lang='lat' dir='ltr'><strong>saiva</strong></span> <span class='ocrx_word' id='word_1_206' title='bbox 972 3143 1137 3239; x_wconf 80' lang='lat' dir='ltr'><strong>dignitate</strong></span> <span class='ocrx_word' id='word_1_207' title='bbox 1153 3169 1310 3231; x_wconf 88' lang='lat' dir='ltr'><strong>morum,</strong></span> <span class='ocrx_word' id='word_1_208' title='bbox 1334 3172 1436 3241; x_wconf 90' lang='lat' dir='ltr'><strong>quam</strong></span> 
     </span>
     <span class='ocr_line' id='line_1_25' title="bbox 320 3254 1435 3356; baseline 0.001 -26"><span class='ocrx_word' id='word_1_209' title='bbox 320 3278 335 3330; x_wconf 81' lang='lat' dir='ltr'><strong>t</strong></span> <span class='ocrx_word' id='word_1_210' title='bbox 359 3262 506 3331; x_wconf 78' lang='lat' dir='ltr'><strong>violento</strong></span> <span class='ocrx_word' id='word_1_211' title='bbox 522 3262 587 3329; x_wconf 82' lang='lat' dir='ltr'><strong>ista</strong></span> <span class='ocrx_word' id='word_1_212' title='bbox 611 3275 645 3327; x_wconf 90' lang='lat' dir='ltr'><strong>et</strong></span> <span class='ocrx_word' id='word_1_213' title='bbox 669 3260 777 3337; x_wconf 85' lang='lat' dir='ltr'><strong>nimia</strong></span> <span class='ocrx_word' id='word_1_214' title='bbox 795 3254 871 3328; x_wconf 76' lang='lat' dir='ltr'><strong>via⁵</strong></span> <span class='ocrx_word' id='word_1_215' title='bbox 891 3259 996 3327; x_wconf 85' lang='lat' dir='ltr'><strong>exuit.</strong></span> <span class='ocrx_word' id='word_1_216' title='bbox 1016 3258 1148 3329; x_wconf 86' lang='lat' dir='ltr'><strong>Habeat</strong></span> <span class='ocrx_word' id='word_1_217' title='bbox 1160 3263 1252 3330; x_wconf 80' lang='lat' dir='ltr'><strong>vireo</strong></span> <span class='ocrx_word' id='word_1_218' title='bbox 1267 3287 1435 3356; x_wconf 77' lang='lat' dir='ltr'><strong>magnas,</strong></span> 
     </span>
    </p>
   </div>
   <div class='ocr_carea' id='block_1_4' title="bbox 361 3514 1449 4279">
    <p class='ocr_par' dir='ltr' id='par_1_11' title="bbox 361 3514 1447 4063">
     <span class='ocr_line' id='line_1_26' title="bbox 397 3514 1439 3589; baseline 0.003 -21"><span class='ocrx_word' id='word_1_219' title='bbox 397 3535 417 3568; x_wconf 92' lang='grc' dir='ltr'><strong>ι.</strong></span> <span class='ocrx_word' id='word_1_220' title='bbox 426 3517 475 3569; x_wconf 84' lang='lat' dir='ltr'><strong>Ita</strong></span> <span class='ocrx_word' id='word_1_221' title='bbox 483 3518 554 3577; x_wconf 80' lang='lat' dir='ltr'><strong>istos,</strong></span> <span class='ocrx_word' id='word_1_222' title='bbox 562 3521 611 3586; x_wconf 75' lang='lat' dir='ltr'><strong>que·</strong></span> <span class='ocrx_word' id='word_1_223' title='bbox 617 3518 697 3569; x_wconf 73' lang='lat' dir='ltr'><strong>veroa</strong></span> <span class='ocrx_word' id='word_1_224' title='bbox 703 3522 872 3569; x_wconf 65' lang='lat' dir='ltr'><strong><em>mmmmm</em></strong></span> <span class='ocrx_word' id='word_1_225' title='bbox 918 3514 978 3567; x_wconf 81' lang='lat' dir='ltr'><strong>baie</strong></span> <span class='ocrx_word' id='word_1_226' title='bbox 989 3514 1047 3570; x_wconf 78' lang='lat' dir='ltr'><strong>loto</strong></span> <span class='ocrx_word' id='word_1_227' title='bbox 1059 3518 1194 3581; x_wconf 73' lang='lat' dir='ltr'><strong>marcuit,</strong></span> <span class='ocrx_word' id='word_1_228' title='bbox 1207 3519 1279 3589; x_wconf 69' lang='lat' dir='ltr'><strong>qood</strong></span> <span class='ocrx_word' id='word_1_229' title='bbox 1291 3518 1382 3589; x_wconf 69' lang='lat' dir='ltr'><strong>quivis</strong></span> <span class='ocrx_word' id='word_1_230' title='bbox 1393 3538 1439 3571; x_wconf 86' lang='lat' dir='ltr'><strong>no-</strong></span> 
     </span>
     <span class='ocr_line' id='line_1_27' title="bbox 361 3592 1443 3668; baseline 0.001 -21"><span class='ocrx_word' id='word_1_231' title='bbox 361 3596 378 3647; x_wconf 84' lang='lat' dir='ltr'><strong>i.</strong></span> <span class='ocrx_word' id='word_1_232' title='bbox 393 3616 416 3647; x_wconf 85' lang='lat' dir='ltr'><strong>e.</strong></span> <span class='ocrx_word' id='word_1_233' title='bbox 430 3596 574 3649; x_wconf 75' lang='lat' dir='ltr'><strong>effuderunt</strong></span> <span class='ocrx_word' id='word_1_234' title='bbox 590 3608 615 3649; x_wconf 83' lang='lat' dir='ltr'><strong>et</strong></span> <span class='ocrx_word' id='word_1_235' title='bbox 632 3608 782 3668; x_wconf 74' lang='lat' dir='ltr'><strong>presserunt.</strong></span> <span class='ocrx_word' id='word_1_236' title='bbox 798 3593 871 3647; x_wconf 78' lang='lat' dir='ltr'><strong>idom</strong></span> <span class='ocrx_word' id='word_1_237' title='bbox 919 3592 972 3655; x_wconf 82' lang='lat' dir='ltr'><strong>vit,</strong></span> <span class='ocrx_word' id='word_1_238' title='bbox 984 3595 1026 3647; x_wconf 83' lang='lat' dir='ltr'><strong>oui</strong></span> <span class='ocrx_word' id='word_1_239' title='bbox 1035 3596 1106 3647; x_wconf 76' lang='lat' dir='ltr'><strong>venit</strong></span> <span class='ocrx_word' id='word_1_240' title='bbox 1122 3597 1150 3648; x_wconf 86' lang='lat' dir='ltr'><strong>in</strong></span> <span class='ocrx_word' id='word_1_241' title='bbox 1165 3609 1280 3650; x_wconf 66' lang='lat' dir='ltr'><strong>meam</strong></span> <span class='ocrx_word' id='word_1_242' title='bbox 1291 3601 1443 3651; x_wconf 78' lang='lat' dir='ltr'><strong>imnaissa-</strong></span> 
     </span>
     <span class='ocr_line' id='line_1_28' title="bbox 361 3673 1442 3745; baseline 0 -18"><span class='ocrx_word' id='word_1_243' title='bbox 361 3674 612 3744; x_wconf 74' lang='lat' dir='ltr'><strong>essevidetur,quod</strong></span> <span class='ocrx_word' id='word_1_244' title='bbox 622 3673 637 3745; x_wconf 69' lang='lat' dir='ltr'>S</span> <span class='ocrx_word' id='word_1_245' title='bbox 648 3693 679 3741; x_wconf 71' lang='grc' dir='ltr'><strong>α,</strong></span> <span class='ocrx_word' id='word_1_246' title='bbox 693 3674 787 3744; x_wconf 68' lang='lat' dir='ltr'><strong>dagno</strong></span> <span class='ocrx_word' id='word_1_247' title='bbox 797 3691 872 3726; x_wconf 73' lang='lat' dir='ltr'><strong>coroa</strong></span> <span class='ocrx_word' id='word_1_248' title='bbox 920 3693 979 3727; x_wconf 79' lang='lat' dir='ltr'><strong>mm</strong></span> <span class='ocrx_word' id='word_1_249' title='bbox 996 3674 1175 3739; x_wconf 72' lang='lat' dir='ltr'><strong>habenam,</strong></span> <span class='ocrx_word' id='word_1_250' title='bbox 1194 3689 1304 3733; x_wconf 69' lang='lat' dir='ltr'><strong>notante</strong></span> <span class='ocrx_word' id='word_1_251' title='bbox 1320 3677 1442 3729; x_wconf 77' lang='lat' dir='ltr'><strong>Gratem.</strong></span> 
     </span>
     <span class='ocr_line' id='line_1_29' title="bbox 361 3750 1014 3812; baseline -0.003 -7"><span class='ocrx_word' id='word_1_252' title='bbox 361 3752 437 3812; x_wconf 76' lang='lat' dir='ltr'><strong>verba</strong></span> <span class='ocrx_word' id='word_1_253' title='bbox 445 3751 609 3809; x_wconf 70' lang='lat' dir='ltr'><strong>¹convolvere.</strong></span> <span class='ocrx_word' id='word_1_254' title='bbox 620 3752 687 3806; x_wconf 77' lang='lat' dir='ltr'><strong>Nam</strong></span> <span class='ocrx_word' id='word_1_255' title='bbox 698 3770 872 3807; x_wconf 54' lang='lat' dir='ltr'><strong>ememtes*</strong></span> <span class='ocrx_word' id='word_1_256' title='bbox 919 3750 1014 3803; x_wconf 65' lang='lat' dir='ltr'><strong>matr.</strong></span> 
     </span>
     <span class='ocr_line' id='line_1_30' title="bbox 362 3827 1446 3905; baseline -0.002 -20"><span class='ocrx_word' id='word_1_257' title='bbox 362 3853 392 3905; x_wconf 79' lang='lat' dir='ltr'><strong>pe</strong></span> <span class='ocrx_word' id='word_1_258' title='bbox 406 3844 441 3885; x_wconf 79' lang='lat' dir='ltr'><strong>est</strong></span> <span class='ocrx_word' id='word_1_259' title='bbox 454 3850 544 3902; x_wconf 74' lang='lat' dir='ltr'><strong>urgere</strong></span> <span class='ocrx_word' id='word_1_260' title='bbox 557 3842 581 3884; x_wconf 83' lang='lat' dir='ltr'><strong>et</strong></span> <span class='ocrx_word' id='word_1_261' title='bbox 594 3830 695 3883; x_wconf 70' lang='lat' dir='ltr'><strong>instare.</strong></span> <span class='ocrx_word' id='word_1_262' title='bbox 708 3830 742 3881; x_wconf 85' lang='lat' dir='ltr'><strong>Et</strong></span> <span class='ocrx_word' id='word_1_263' title='bbox 758 3829 842 3897; x_wconf 76' lang='lat' dir='ltr'><strong>moxS</strong></span> <span class='ocrx_word' id='word_1_264' title='bbox 856 3848 874 3901; x_wconf 77' lang='lat'>9</span> <span class='ocrx_word' id='word_1_265' title='bbox 954 3828 979 3882; x_wconf 78' lang='lat'><strong>3.</strong></span> <span class='ocrx_word' id='word_1_266' title='bbox 990 3827 1028 3881; x_wconf 82' lang='lat' dir='ltr'><strong>Et</strong></span> <span class='ocrx_word' id='word_1_267' title='bbox 1039 3833 1125 3882; x_wconf 82' lang='lat' dir='ltr'><strong>nimia</strong></span> <span class='ocrx_word' id='word_1_268' title='bbox 1134 3833 1185 3883; x_wconf 71' lang='lat' dir='ltr'><strong>vis·</strong></span> <span class='ocrx_word' id='word_1_269' title='bbox 1195 3830 1314 3898; x_wconf 78' lang='lat' dir='ltr'><strong>Quidam</strong></span> <span class='ocrx_word' id='word_1_270' title='bbox 1323 3832 1446 3885; x_wconf 75' lang='lat' dir='ltr'><strong>libriini·</strong></span> 
     </span>
     <span class='ocr_line' id='line_1_31' title="bbox 361 3907 1445 3986; baseline 0.001 -20"><span class='ocrx_word' id='word_1_271' title='bbox 361 3912 410 3969; x_wconf 81' lang='lat' dir='ltr'><strong>a&#39;tt:</strong></span> <span class='ocrx_word' id='word_1_272' title='bbox 420 3914 497 3967; x_wconf 80' lang='lat' dir='ltr'><strong>Recte</strong></span> <span class='ocrx_word' id='word_1_273' title='bbox 510 3932 571 3986; x_wconf 77' lang='lat' dir='ltr'><strong>ergo</strong></span> <span class='ocrx_word' id='word_1_274' title='bbox 580 3911 669 3973; x_wconf 80' lang='lat' dir='ltr'><strong>faties,</strong></span> <span class='ocrx_word' id='word_1_275' title='bbox 679 3910 702 3963; x_wconf 77' lang='lat' dir='ltr'><strong>si</strong></span> <span class='ocrx_word' id='word_1_276' title='bbox 713 3928 767 3961; x_wconf 85' lang='lat' dir='ltr'><strong>non</strong></span> <span class='ocrx_word' id='word_1_277' title='bbox 779 3907 873 3961; x_wconf 73' lang='lat' dir='ltr'><strong>videtis</strong></span> <span class='ocrx_word' id='word_1_278' title='bbox 920 3908 987 3961; x_wconf 81' lang='lat' dir='ltr'><strong>mioa</strong></span> <span class='ocrx_word' id='word_1_279' title='bbox 1001 3912 1054 3973; x_wconf 76' lang='lat' dir='ltr'><strong>ois3</strong></span> <span class='ocrx_word' id='word_1_280' title='bbox 1069 3909 1115 3962; x_wconf 75' lang='lat' dir='ltr'><strong>alii</strong></span> <span class='ocrx_word' id='word_1_281' title='bbox 1127 3930 1227 3982; x_wconf 70' lang='lat' dir='ltr'><strong>pronae</strong></span> <span class='ocrx_word' id='word_1_282' title='bbox 1238 3912 1373 3966; x_wconf 80' lang='lat' dir='ltr'><strong>omittunt</strong></span> <span class='ocrx_word' id='word_1_283' title='bbox 1386 3932 1445 3967; x_wconf 82' lang='lat' dir='ltr'><strong>cnm</strong></span> 
     </span>
     <span class='ocr_line' id='line_1_32' title="bbox 363 3984 1447 4063; baseline 0.002 -21"><span class='ocrx_word' id='word_1_284' title='bbox 363 3991 439 4057; x_wconf 71' lang='lat' dir='ltr'><strong>istor,</strong></span> <span class='ocrx_word' id='word_1_285' title='bbox 453 3991 496 4061; x_wconf 89' lang='lat' dir='ltr'><strong>qui</strong></span> <span class='ocrx_word' id='word_1_286' title='bbox 506 4002 629 4063; x_wconf 80' lang='lat' dir='ltr'><strong>qnantum</strong></span> <span class='ocrx_word' id='word_1_287' title='bbox 640 3987 739 4051; x_wconf 79' lang='lat' dir='ltr'><strong>dicant,</strong></span> <span class='ocrx_word' id='word_1_288' title='bbox 757 3984 850 4041; x_wconf 68' lang='lat' dir='ltr'><strong>oteR.</strong></span> <span class='ocrx_word' id='word_1_289' title='bbox 921 3986 1028 4040; x_wconf 80' lang='lat' dir='ltr'><strong>Emmo</strong></span> <span class='ocrx_word' id='word_1_290' title='bbox 1040 3988 1129 4052; x_wconf 59' lang='lat' dir='ltr'><strong>eutii,</strong></span> <span class='ocrx_word' id='word_1_291' title='bbox 1150 4002 1180 4041; x_wconf 87' lang='lat' dir='ltr'><strong>ut</strong></span> <span class='ocrx_word' id='word_1_292' title='bbox 1198 3988 1255 4044; x_wconf 77' lang='lat' dir='ltr'><strong>eod.</strong></span> <span class='ocrx_word' id='word_1_293' title='bbox 1279 3992 1345 4045; x_wconf 78' lang='lat' dir='ltr'><strong>col.</strong></span> <span class='ocrx_word' id='word_1_294' title='bbox 1367 3994 1447 4047; x_wconf 78' lang='lat' dir='ltr'><strong>editio</strong></span> 
     </span>
    </p>

    <p class='ocr_par' dir='ltr' id='par_1_12' title="bbox 363 4061 1449 4279">
     <span class='ocr_line' id='line_1_33' title="bbox 397 4061 1448 4135; baseline 0.001 -13"><span class='ocrx_word' id='word_1_295' title='bbox 397 4087 420 4122; x_wconf 74' lang='lat' dir='ltr'><strong>a.</strong></span> <span class='ocrx_word' id='word_1_296' title='bbox 436 4064 643 4121; x_wconf 69' lang='lat' dir='ltr'><strong>Immr&#39;ssasffle</strong></span> <span class='ocrx_word' id='word_1_297' title='bbox 667 4082 755 4116; x_wconf 68' lang='lat' dir='ltr'><strong>omnes</strong></span> <span class='ocrx_word' id='word_1_298' title='bbox 779 4061 873 4135; x_wconf 72' lang='lat' dir='ltr'><strong>scripti.</strong></span> <span class='ocrx_word' id='word_1_299' title='bbox 901 4062 996 4117; x_wconf 71' lang='lat' dir='ltr'><strong>‘Rorn-</strong></span> <span class='ocrx_word' id='word_1_300' title='bbox 1016 4077 1126 4119; x_wconf 71' lang='lat' dir='ltr'><strong>etvetus</strong></span> <span class='ocrx_word' id='word_1_301' title='bbox 1149 4067 1250 4121; x_wconf 67' lang='lat' dir='ltr'><strong>dante!</strong></span> <span class='ocrx_word' id='word_1_302' title='bbox 1269 4072 1364 4123; x_wconf 64' lang='lat' dir='ltr'><strong>rrimrh</strong></span> <span class='ocrx_word' id='word_1_303' title='bbox 1383 4076 1448 4134; x_wconf 78' lang='lat' dir='ltr'><strong>vis,</strong></span> 
     </span>
     <span class='ocr_line' id='line_1_34' title="bbox 363 4141 1449 4223; baseline 0.003 -26"><span class='ocrx_word' id='word_1_304' title='bbox 363 4146 478 4199; x_wconf 72' lang='lat' dir='ltr'><strong>Moretur</strong></span> <span class='ocrx_word' id='word_1_305' title='bbox 497 4147 622 4197; x_wconf 78' lang='lat' dir='ltr'><strong>admissa</strong></span> <span class='ocrx_word' id='word_1_306' title='bbox 642 4164 671 4197; x_wconf 83' lang='lat' dir='ltr'><strong>ex</strong></span> <span class='ocrx_word' id='word_1_307' title='bbox 687 4142 831 4214; x_wconf 77' lang='lat' dir='ltr'><strong>conjectura</strong></span> <span class='ocrx_word' id='word_1_308' title='bbox 845 4141 873 4194; x_wconf 89' lang='lat' dir='ltr'><strong>in</strong></span> <span class='ocrx_word' id='word_1_309' title='bbox 921 4142 992 4212; x_wconf 84' lang='lat' dir='ltr'><strong>qood</strong></span> <span class='ocrx_word' id='word_1_310' title='bbox 1003 4143 1068 4196; x_wconf 74' lang='lat' dir='ltr'><strong>bem</strong></span> <span class='ocrx_word' id='word_1_311' title='bbox 1080 4144 1163 4198; x_wconf 74' lang='lat' dir='ltr'><strong>habat</strong></span> <span class='ocrx_word' id='word_1_312' title='bbox 1170 4146 1268 4219; x_wconf 66' lang='lat' dir='ltr'><strong>mpsim</strong></span> <span class='ocrx_word' id='word_1_313' title='bbox 1280 4149 1449 4223; x_wconf 68' lang='lat' dir='ltr'><strong>suspicatur:</strong></span> 
     </span>
     <span class='ocr_line' id='line_1_35' title="bbox 364 4220 1228 4279; baseline -0.003 -1"><span class='ocrx_word' id='word_1_314' title='bbox 364 4236 456 4279; x_wconf 78' lang='lat' dir='ltr'><strong>textum</strong></span> <span class='ocrx_word' id='word_1_315' title='bbox 470 4224 570 4277; x_wconf 82' lang='lat' dir='ltr'><strong>invexit.</strong></span> <span class='ocrx_word' id='word_1_316' title='bbox 582 4222 706 4276; x_wconf 77' lang='lat' dir='ltr'><strong>sedittud</strong></span> <span class='ocrx_word' id='word_1_317' title='bbox 716 4220 872 4274; x_wconf 77' lang='lat' dir='ltr'><strong>hauddubie</strong></span> <span class='ocrx_word' id='word_1_318' title='bbox 921 4224 1064 4275; x_wconf 73' lang='lat' dir='ltr'><strong>etmimt‘oa</strong></span> <span class='ocrx_word' id='word_1_319' title='bbox 1075 4226 1125 4276; x_wconf 77' lang='grc' dir='ltr'><strong>υιέ.</strong></span> <span class='ocrx_word' id='word_1_320' title='bbox 1140 4224 1228 4277; x_wconf 71' lang='lat' dir='ltr'><strong>Rau.</strong></span> 
     </span>
    </p>
   </div>
   <div class='ocr_carea' id='block_1_5' title="bbox 0 0 1504 4992">
    <p class='ocr_par' dir='ltr' id='par_1_13' title="bbox 0 0 1504 4992">
     <span class='ocr_line' id='line_1_36' title="bbox 0 0 1504 4992; baseline 0 0"><span class='ocrx_word' id='word_1_321' title='bbox 0 0 1504 4992; x_wconf 95' lang='lat' dir='ltr'><strong> </strong></span> 
     </span>
    </p>
   </div>
  </div>
 </body>
</html>
