2975 4992
405 415 672 487 corstona
700 418 884 488 cxxru
1114 424 1180 510 sss

123 548 312 621 animalibus
329 551 442 621 mutis.
473 550 550 618 Non
573 562 624 621 est
649 569 779 617 summu
803 550 974 621 felicitatis
996 568 1118 625 nostrae
1145 555 1182 621 in

121 689 213 738 came
229 665 388 759 ponende
399 671 424 734 ¹·
677 652 681 657 ’

161 786 255 853 Bona
268 784 328 853 illa
344 798 424 853 sunt
439 806 544 863 vero,
563 804 639 875 quoe
657 781 757 852 Ratio
776 780 853 865 dut,
870 784 977 857 solido
995 810 1037 855 ec
1051 788 1183 880 sempi-

122 916 228 986 terno,
243 925 320 992 qrroe
330 895 454 970 endere
467 922 537 967 non
549 912 708 992 possunt,
724 920 789 967 nec
806 896 1004 969 decrescere
1016 906 1028 935 ²
1043 901 1183 994 quidem

121 1032 173 1086 ant
184 1018 292 1086 minui
307 1042 315 1085 :
331 1033 455 1085 cetera
469 1014 631 1107 opinione
644 1013 735 1084 bona
748 1029 844 1099 sunt3
864 1031 898 1087 et
908 1040 1031 1087 nomen
1044 1020 1182 1110 quidem

122 1132 434 1203 hahentcommune
450 1156 529 1201 cum
542 1130 654 1215 veris,
676 1132 869 1226 proprietas
885 1133 921 1204 in
937 1133 1006 1203 illis
1017 1134 1098 1203 boni
1113 1159 1183 1205 non

122 1264 178 1317 est.
193 1249 313 1342 Itaque
331 1239 525 1317 commoda³
540 1261 726 1331 vocentur,
746 1261 798 1329 et,
814 1261 853 1313 ut
871 1264 986 1317 nostru
1000 1247 1117 1343 lingua
1129 1250 1181 1317 lo·
1212 1288 1238 1331 η

121 1390 217 1457 quar,
229 1368 413 1456 prodicta:
430 1381 590 1434 coeterum
605 1363 762 1449 sciamus,
779 1364 948 1457 mancipia
963 1381 1078 1434 nostra
1090 1390 1181 1454 esse,

122 1508 183 1551 non
200 1500 333 1575 partes,
349 1499 385 1552 et
403 1484 473 1551 sint
487 1478 580 1575 apud
603 1504 682 1561 noe,
702 1479 764 1549 sed
781 1482 847 1564 ite,
872 1498 910 1550 ut
931 1484 1184 1555 meminerimus

121 1616 206 1668 extra
217 1624 280 1670 noe
294 1624 381 1669 esse.
396 1600 536 1668 Etiamsi
549 1596 643 1691 apud
656 1622 717 1667 noe
734 1599 822 1681 sint,
842 1600 933 1668 inter
947 1600 1101 1693 subjecta
1118 1626 1185 1669 nu·
1272 1589 1276 1597 „

121 1730 286 1783 merentur
299 1732 334 1783 et
348 1714 508 1796 humilia,
530 1728 762 1809 propterque
779 1726 879 1783 nemo
892 1738 929 1783 ce
950 1716 1106 1786 attollere
1124 1715 1187 1785 de-

121 1830 203 1899 beat.
218 1831 317 1924 Quid
331 1834 422 1901 enim
432 1831 571 1900 stultius
587 1855 689 1923 qnam
704 1830 856 1923 aliquem
877 1854 918 1899 eo
942 1833 1006 1901 sibi
1028 1834 1182 1928 placere,

121 1948 205 2041 qnod
229 1951 305 2043 ipse
332 1973 403 2017 non
422 1950 529 2018 fecit?
550 1948 674 2019 Omnia
699 1950 763 2017 ista
789 1948 888 2018 nobis
909 1950 1090 2037 accedant,
1117 1978 1187 2022 non

121 2064 286 2152 hmeent,
305 2081 362 2148 ut,
382 2066 413 2133 si
431 2063 664 2147 abducentur,
681 2066 757 2133 sinc
772 2065 841 2133 ulla
856 2068 962 2135 nostri
982 2068 1188 2137 laceratione

121 2182 304 2252 discedant.
316 2185 461 2252 Utamur
471 2182 639 2263 illis,non
651 2181 857 2275 gloriemur3
872 2199 907 2251 et
917 2198 1052 2253 utamur
1064 2210 1184 2279 perce,
1214 2204 1242 2255 ιδ

121 2317 272 2393 tanquam
294 2297 458 2393 depositis
474 2298 568 2393 apud
592 2322 674 2383 nos,
697 2315 733 2367 et
758 2298 914 2368 abituris.
939 2301 1107 2395 Quisquis
1130 2304 1187 2372 ille

121 2418 187 2485 eine
199 2418 332 2485 mtione
348 2414 517 2508 possedit,
535 2438 603 2482 non
618 2413 679 2482 diu
696 2416 807 2482 tenuit
826 2441 833 2482 ε
854 2417 926 2509 ipsa
943 2418 1035 2485 enim
1053 2440 1089 2486 se
1106 2418 1184 2487 icli-

120 2527 242 2614 citasl,
272 2533 339 2600 nisi
364 2545 593 2624 temperatur,
619 2532 757 2625 premit.
777 2532 815 2599 Si
840 2531 1065 2625 fugacissimis
1086 2533 1184 2605 bonis

119 2648 259 2717 credidit
266 2697 278 2732 ,
291 2648 358 2717 cito
371 2648 559 2732 deseritur,
570 2662 625 2729 ct,
638 2663 757 2715 utnon
770 2638 982 2729 deseratur&
999 2648 1178 2743 affligitur.
1278 2672 1281 2678 ’

118 2764 231 2831 Paucis
240 2760 415 2856 deponere
426 2760 620 2829 felicitatem
628 2760 775 2827 molliter
783 2758 1104 2830 licuitmaetericum
1112 2763 1180 2849 his,

118 3024 179 3077 intre
185 3023 303 3080 animum
308 3021 454 3075 claudamus
460 3033 485 3073 et
490 3033 621 3075 ememus.
705 3042 730 3073 s.
742 3020 796 3075 Nec
808 3023 947 3075 decrescere
956 3021 995 3073 ed.
1006 3020 1042 3073 lt.
1055 3034 1079 3075 et
1085 3026 1146 3075 mss.
1155 3024 1181 3077 b.

118 3106 194 3159 Antea
204 3102 337 3175 legebetnr
347 3104 543 3155 constituamus.
552 3100 589 3153 It.
670 3100 711 3154 Ne
722 3103 828 3155 decresc.
839 3100 878 3153 ed.
890 3100 925 3154 A.
937 3114 962 3153 et
973 3120 1030 3155 mss.
1040 3122 1061 3155 c.
1072 3100 1153 3156 δάιον.

148 3184 238 3235 nilon
247 3191 288 3233 est
298 3199 434 3232 stimmo...
447 3183 476 3230 r'n
489 3197 621 3247 cornepo-
668 3221 672 3225 Α
703 3178 727 3230 3.
748 3180 1081 3247 Cornmoda....producta:
1095 3179 1179 3232 Com-

118 3260 204 3311 nendc.
213 3260 279 3311 flac
290 3278 339 3309 vox
351 3260 422 3327 σὰρξ,
436 3277 508 3321 raro,
521 3255 620 3330 proprie
669 3255 745 3307 moda
756 3252 883 3321 dicuntui,
894 3254 953 3326 quia
963 3255 1057 3327 aliquid
1068 3276 1180 3310 commo·

117 3337 223 3391 adhibita
232 3349 270 3389 est
276 3336 309 3389 ab
315 3335 446 3408 Epicureis
454 3335 482 3387 in
490 3333 620 3387 efferendo
670 3332 731 3385 dent
742 3350 748 3385 :
761 3332 856 3387 Grecis
868 3332 996 3402 εὕχρηστω
1010 3334 1121 3406 Lipsius,
1134 3336 1179 3407 qni

118 3414 230 3487 dogmate
242 3435 289 3468 tuo
304 3414 336 3467 de
350 3412 540 3466 summobono.
559 3411 618 3477 sie,
668 3409 1128 3477 lendetlllenuducticnemsnamlll,
1139 3434 1178 3467 oe.

117 3503 142 3543 nt
151 3493 220 3566 plura
233 3492 363 3554 omittam,
376 3490 443 3564 epod
453 3489 530 3560 Diog.
539 3489 620 3540 laert.
668 3492 728 3543 lem
738 3508 812 3564 snpra
822 3490 938 3560 qnaedam
949 3492 982 3544 de
996 3490 1044 3544 hoc
1054 3492 1123 3545 vocis
1132 3511 1179 3544 nsn

117 3572 152 3634 X,
165 3574 218 3637 145.
229 3561 253 3624 tl
265 3571 373 3639 plsolpl
385 3567 621 3634 dellessesltelpara
669 3567 749 3619 stoico
773 3567 917 3620 notavimus
935 3568 969 3621 ed
991 3568 1069 3645 Epist.
1092 3586 1178 3638 nxvtr,

117 3648 154 3711 tiis
168 3652 270 3714 ἡδονῆς,
286 3652 414 3718 ἀπέραντον
431 3648 456 3700 dl
471 3648 508 3698 ml
521 3646 621 3713 lentipes
669 3644 684 3714 S
697 3648 719 3697 5.
733 3644 823 3696 Rulrlr.

118 3733 186 3794 πάθος
193 3732 283 3801 χρόνον
289 3725 622 3800 mprnslueesstl'nssendi
703 3726 800 3793 4.1psa
808 3727 877 3779 enim
889 3724 1043 3795 seselicitns‚
1054 3728 1109 3779 nisi
1115 3736 1180 3779 tem·

118 3808 317 3876 emendatione),
335 3821 359 3859 et
375 3808 413 3867 X,
432 3805 558 3872 rammi
575 3814 622 3855 πᾶν
668 3814 790 3871 perator,
811 3806 912 3869 premit.
935 3804 1005 3855 Bene
1026 3804 1100 3857 vertit
1121 3804 1181 3857 Lc-

117 3890 198 3955 epulis
210 3890 248 3941 sul
261 3890 330 3941 mle
342 3888 366 3939 lv
376 3886 491 3941 αἰσθήσῃ.
499 3870 623 3935 Rull-
668 3900 769 3953 gronge
784 3882 834 3934 :Le
845 3880 960 3935 bendere?
967 3882 1043 3949 pricew
1048 3884 1081 3934 de
1092 3882 1182 3935 mode'·

116 3964 230 4017 Notende
244 3978 280 4017 eet
292 3965 346 4034 lraec
361 3983 410 4015 vox
421 3982 499 4027 com,
512 3980 569 4032 quse
582 3980 622 4012 re·
670 3960 758 4011 ration
770 3958 889 4031 s'e'touffe
898 3960 1046 4013 lui-mdme.

116 4041 208 4094 riesirrm
220 4042 330 4095 occurrit
344 4040 412 4112 apud
423 4039 515 4093 latinos
530 4040 620 4093 eodem
704 4040 727 4090 5.
746 4036 783 4089 Ut
793 4056 844 4089 non
859 4038 1009 4103 deseratur,
1024 4037 1042 4088 i.
1055 4056 1076 4089 e.
1089 4036 1110 4089 ti
1123 4054 1183 4089 ma«

115 4140 186 4175 senso
199 4140 228 4175 ee
242 4120 270 4173 in
280 4122 356 4173 Novo
368 4120 530 4174 Testamento
542 4138 621 4172 neur-
670 4130 748 4170 neant
758 4136 817 4190 opos
829 4128 854 4168 et
863 4116 989 4191 potentia,
1004 4116 1098 4170 cadunt
1110 4136 1185 4190 super

115 4212 175 4269 peta.
670 4197 753 4269 ipsum
764 4210 789 4249 et
802 4195 1184 4266 dejiciunt.Lips.-Tacitns:
