2975 4992
300 396 368 479 488
589 400 630 465 L.
655 390 837 461 ANNAEI
861 390 1080 462 SENECAE

299 523 374 591 sine
390 526 530 593 seientia
544 522 737 591 divinorum
753 523 1047 615 humanorumque
1061 542 1130 590 nou
1140 530 1252 616 potest
1265 520 1373 589 effici.

242 668 277 721 au
348 642 511 733 Sequitur
532 636 639 721 illud,
663 638 755 731 quod
773 660 827 706 me
847 662 1089 732 responsurum
1108 663 1182 709 esse
1200 636 1371 708 dicebam.

299 754 377 826 Non
391 756 559 850 affligitur
576 756 740 849 Sapiens¹
761 753 947 822 liberorum
962 756 1142 824 amissione
1159 805 1170 837 ,
1189 779 1259 823 nou
1282 755 1375 822 smi-

299 898 443 960 oorum3
463 872 582 943 eodem
600 874 690 942 enim
715 872 828 939 animo
856 870 922 939 fert
949 870 1082 939 illorum
1109 888 1275 955 mortem,
1304 893 1376 961 qno

300 1012 394 1057 suam
414 1005 585 1082 exspectat
602 1014 611 1056 ε
630 1012 699 1055 non
715 988 823 1079 magis
837 984 927 1054 hanc
940 987 1054 1070 timet,
1074 1012 1175 1079 quam
1192 986 1286 1055 illam
1309 984 1373 1052 do·

242 1115 275 1168 30
299 1104 359 1173 let⁴
380 1106 499 1173 Virtus
512 1106 601 1175 enim
619 1103 862 1171 convenientia
874 1116 1025 1187 constat3
1045 1104 1158 1171 omnia
1176 1126 1283 1195 opere
1300 1099 1373 1191 ejus

300 1243 377 1294 cum
391 1220 465 1313 ipsa
478 1220 687 1289 concordant
700 1234 734 1289 et
748 1234 944 1311 congruunt
957 1242 965 1283 ε
979 1214 1054 1285 baec
1063 1216 1249 1286 concordis
1262 1216 1370 1309 perit,

300 1338 327 1405 si
341 1338 496 1420 unimus,
512 1360 615 1429 quem
632 1334 802 1405 excelsum
816 1358 889 1403 esse
908 1335 1076 1427 oportuit,
1096 1333 1190 1402 luctu
1204 1348 1264 1403 sut
1285 1331 1376 1400 desi-

300 1450 396 1521 derio
414 1452 638 1521 submittitur.
654 1450 838 1519 Inhonesta
857 1466 908 1519 est
921 1452 1030 1519 omnis
1045 1450 1247 1543 trepidatio,
1265 1466 1301 1517 et
1313 1448 1377 1517 sol·

300 1568 464 1654 licitudo,
485 1585 520 1639 et
538 1570 576 1635 in
593 1567 668 1637 ullo
684 1584 764 1637 actu
784 1568 937 1661 pigritia.
958 1570 1142 1635 Honestum
1160 1568 1254 1634 enim
1277 1590 1379 1635 secu-

299 1708 377 1755 rum
389 1701 424 1751 et
436 1685 736 1777 expeditum¹est,
754 1682 948 1753 interritum
959 1699 1028 1766 est,
1047 1684 1084 1751 in
1097 1684 1283 1777 procinctu
1295 1698 1371 1751 stat.

300 1799 448 1892 —Quid
461 1824 544 1894 crgo
557 1801 573 1868 l
585 1823 654 1869 non
671 1798 804 1892 aliquid
814 1798 1063 1892 perturbationi
1074 1800 1185 1867 simile
1198 1800 1376 1892 patietur?

299 1942 369 1985 non
383 1932 417 1985 et
430 1915 523 1985 color
538 1916 612 2008 ejus
624 1915 828 1999 mutabitur,
844 1930 879 1983 et
891 1914 1005 1983 vultus
1015 1916 1219 2009 agitabitur,
1234 1932 1271 1985 et
1281 1932 1376 1984 artus

224 2061 228 2068 ’
300 2034 548 2127 refrigescent?
564 2049 600 2101 et
623 2030 794 2126 quidquid
811 2028 905 2105 uliud
924 2014 994 2099 non
1012 2056 1053 2101 ex
1076 2036 1221 2127 imperio
1245 2036 1371 2116 animi,

301 2149 362 2219 sed
373 2148 563 2218 inconsulto
574 2147 719 2241 quodam
731 2164 862 2217 naturas
874 2150 1002 2243 impetu
1013 2152 1373 2243 geriturP—Fateor:

302 2261 363 2333 sed
387 2262 537 2334 manebit
555 2262 606 2329 illi
625 2263 802 2353 persuasio
818 2262 958 2349 eudem,
979 2264 1067 2333 nihil
1086 2263 1225 2333 illorum
1250 2264 1374 2333 malum

300 2404 391 2459 esse,
404 2379 619 2473 necdignum
628 2379 673 2447 ad
684 2380 777 2471 quod
791 2404 887 2487 mens
898 2380 1136 2450 sanudefioint.
1148 2383 1287 2465 Omnia,
1301 2401 1375 2480 quae

302 2496 459 2566 socienda
470 2512 592 2581 erunt,
606 2494 770 2563 audacter
781 2495 861 2562 lacit
871 2510 904 2563 et
919 2512 1088 2590 prompte.
1105 2500 1178 2565 Hoc
1192 2498 1284 2565 enim
1299 2497 1376 2565 stul-

301 2613 386 2682 titiae
400 2613 579 2706 proprium
597 2612 676 2703 quis
691 2635 762 2679 non
779 2609 920 2693 dixerit,
940 2611 1062 2705 ignave
1077 2628 1112 2681 et
1128 2614 1376 2683 contumaciter

302 2729 414 2799 facere
424 2752 500 2822 quae
515 2729 615 2796 iaciat
626 2756 636 2812 3
648 2744 682 2796 et
694 2726 895 2819 aliocotpus
907 2728 1105 2821 impellere,
1121 2730 1189 2799 alio
1204 2726 1372 2814 animum,

302 2838 514 2937 distrahique
529 2846 620 2913 inter
634 2842 882 2914 diversissimos
895 2840 1026 2913 motus³
1041 2848 1056 2914 P
1072 2844 1148 2915 Jarn
1162 2864 1307 2943 propter
1319 2850 1377 2917 illa

302 2965 389 3057 ipsa,
407 2963 533 3055 quibus
546 2962 677 3030 extollit
689 2984 725 3031 se
738 2963 948 3055 miraturque
957 2955 985 3047 ⁴,
996 2980 1188 3058 contempta
1204 2982 1256 3033 est
1267 2996 1279 3053 ς
1292 2982 1327 3034 et
1337 2992 1379 3035 ne

337 3226 359 3258 1.
369 3204 490 3275 Sapiens.
503 3202 610 3277 Sapiens
625 3216 733 3257 mortem
748 3224 814 3256 suo·
863 3206 899 3258 mi
911 3206 1020 3263 elatione
1033 3204 1191 3283 voluptaria,
1204 3210 1260 3263 Cic.
1280 3210 1313 3263 de
1323 3210 1382 3263 lin.

301 3302 360 3337 rum
374 3284 408 3337 ita
424 3285 471 3336 lert
480 3295 510 3335 ut
522 3302 609 3349 snam,
624 3300 697 3352 aequo
708 3282 795 3335 animo
806 3303 812 3345 ;
859 3286 902 3337 ·lll
909 3325 916 3347 ,
929 3306 960 3339 to
970 3287 1026 3353 lin.)
1040 3290 1133 3342 cllerri.
1144 3290 1245 3343 Similia
1254 3289 1378 3363 prioribus

302 3384 362 3417 nem
368 3364 447 3416 virtus
454 3363 502 3416 sibi
511 3375 625 3415 constare
634 3360 707 3413 debet
714 3374 814 3434 proptor
863 3362 938 3415 hebet
947 3366 1053 3438 Epictet.
1065 3366 1197 3419 Euchirid.
1212 3368 1261 3433 26,
1273 3368 1306 3433 3,
1319 3390 1376 3423 sane

301 3441 525 3505 convenientiam,
544 3440 667 3507 ὁμολογίαν
684 3438 811 3505 Zenonis,
863 3460 938 3511 quam
951 3444 1061 3514 egregie.
1074 3442 1166 3495 litut.

300 3519 411 3589 ideoque
429 3516 477 3572 nee
494 3518 618 3592 trepidare
639 3531 686 3571 nec
706 3518 815 3571 sollicita
897 3538 919 3569 s.
940 3518 1116 3587 Expeditum.
1139 3520 1283 3589 Liberum,
1307 3522 1378 3575 nullo

302 3618 372 3657 esse.
390 3618 543 3669 quemquam
556 3610 640 3651 motus
651 3598 776 3650 naturales
791 3608 815 3649 et
863 3598 954 3649 ellectu
968 3599 1129 3671 impeditum.

301 3675 384 3748 ipsum
391 3674 528 3748 sapientem
536 3688 564 3725 ut
572 3675 702 3727 bominem
711 3675 812 3739 ferient,
826 3670 829 3678 ’
896 3676 1201 3729 &murmurosum
1210 3688 1378 3749 motumque
1411 3710 1415 3713 ·

301 3753 346 3805 ssd
354 3774 493 3825 numquam
507 3774 536 3805 ex
545 3754 591 3805 ista
603 3754 682 3806 animi
690 3765 814 3806 constan·
863 3754 963 3827 propria
972 3766 1030 3806 sunt
1037 3754 1109 3827 signa
1119 3754 1207 3827 magni
1216 3768 1293 3825 atque
1303 3756 1379 3831 impo-

300 3832 334 3885 tis
342 3833 469 3904 dejicient.
478 3834 518 3886 Cf.
528 3834 575 3905 Ep.
587 3847 659 3898 ttrt,
672 3834 688 3885 3
701 3845 753 3885 not.
765 3832 813 3884 Se·
862 3831 937 3881 tentis
951 3830 1061 3896 doloris,
1075 3830 1151 3904 longe
1163 3851 1266 3904 prorsus
1279 3854 1381 3885 conve-

300 3912 573 3982 piensenimomnibus
582 3911 813 3983 perturbationibus
862 3908 980 3973 nientiae,
994 3928 1070 3979 quam
1082 3908 1209 3983 propriam
1225 3928 1280 3963 esse
1294 3912 1379 3964 virtuti

301 4001 380 4041 earet:
390 3988 443 4040 Cic.
456 3989 590 4057 dead-Qu.
603 3989 647 4051 Ν,
658 3988 703 4053 43,
715 3988 813 4061 sepien-
864 3986 961 4039 Seneca
972 3984 1096 4051 affirmat,
1110 3988 1249 4039 contraria.

300 4066 331 4118 tis
341 4066 456 4119 animum
466 4086 605 4136 numquam
618 4085 664 4118 nec
676 4067 812 4139 cupiditate
895 4066 919 4130 4.
935 4064 1037 4136 Quibus
1049 4068 1156 4117 extollit
1165 4086 1194 4117 se
1204 4069 1376 4137 inritaturque.

301 4143 461 4208 noverimne
468 4143 556 4196 loetitis
563 4142 812 4215 (ingestieutisani-
862 4146 959 4217 Nempe
967 4162 1045 4213 quum
1054 4163 1078 4195 se
1093 4142 1181 4195 dolore
1192 4164 1239 4197 suo
1249 4144 1375 4201 honestari
