2975 4992
307 447 309 452 ’
335 441 399 508 528
642 443 683 507 L.
708 435 880 506 ANNAEI
903 437 1117 508 SENECAE

276 591 308 626 υ
334 554 532 636 contemnit.
551 567 585 636 Ο
599 565 771 666 infelicem
789 563 956 660 aegtum¹i
975 568 1121 659 Quare?
1136 573 1218 662 quis
1236 593 1309 639 non
1322 574 1398 640 vino

333 683 448 751 nivem
477 679 612 768 diluit²3
643 682 822 774 quianon
845 682 993 772 rigorem
1017 682 1163 774 potionis
1183 707 1276 767 sum,
1302 709 1398 776 quam

334 797 449 890 capaci
467 796 595 889 scypho
613 799 772 878 miscuit,
794 813 934 866 renovat
952 798 1058 866 fracta
1081 794 1242 892 insuper³
1265 801 1395 894 glucic3

333 913 416 1005 quis
432 936 501 980 non
520 927 630 979 ostrea
648 911 700 978 illi
718 906 890 979 Lucrina⁴
907 913 1033 1004 inipso
1045 937 1162 982 mensa
1176 917 1395 1007 aperiuntur,

334 1029 414 1121 quis
429 1051 498 1096 non
515 1029 606 1098 circa
620 1028 845 1096 coenationcm
859 1027 934 1118 ejus
950 1027 1114 1096 tumultus
1128 1050 1316 1120 coquorum
1330 1048 1394 1114 cst,

333 1152 426 1243 ipsos
442 1173 519 1218 cum
536 1149 684 1216 obsoniis
701 1147 795 1216 focos
811 1141 1125 1216 ⁵tmnsicrentium.
1140 1153 1214 1218 Hoc
1225 1153 1321 1218 enim
1331 1153 1397 1244 jam

333 1264 467 1334 luxuria
489 1282 676 1334 commenta
701 1256 775 1334 est⁶
804 1265 973 1356 :nequis
997 1265 1186 1358 intepescat
1215 1267 1334 1349 cibus,
1357 1293 1398 1335 ne

334 1381 418 1474 qnid
434 1381 545 1474 palato
562 1381 634 1473 jum
657 1380 805 1448 calloso²
823 1403 943 1472 purum
961 1380 1114 1464 ferveat,
1137 1407 1276 1451 coenam
1289 1383 1397 1452 cutim

277 1507 308 1562 '23
332 1497 562 1591 prosequitur.
584 1496 615 1562 Ο
631 1493 804 1561 infelicem
821 1491 972 1587 regrum!
991 1495 1079 1564 Edet
1094 1513 1260 1588 quantum
1279 1520 1397 1566 conco·

333 1625 436 1702 quat,
458 1633 526 1676 non
543 1608 673 1700 jacebit
694 1609 730 1674 in
748 1621 932 1698 conspectu
955 1601 1074 1700 apcr⁸,
1092 1623 1131 1676 nt
1146 1609 1225 1678 vilis
1246 1633 1351 1692 mro,
1377 1633 1396 1676 a

333 1749 449 1796 mensu
464 1725 632 1816 relegatus
645 1749 655 1810 3
670 1723 786 1791 necin
800 1725 1001 1816 repositorio
1021 1724 1095 1815 cjus
1110 1742 1251 1818 pectora
1264 1728 1396 1793 ⁹svium

333 1843 442 1934 (totus
460 1843 551 1910 enim
578 1839 695 1908 vidcrc
721 1838 893 1906 fastidium
912 1836 991 1932 cst)
1016 1848 1178 1931 congestu
1200 1839 1393 1932 ponentur!

332 1956 429 2051 Quid
446 1955 508 2024 tibi
527 1955 606 2023 muli
623 1955 747 2024 fuctum
761 1956 837 2022 cst?
854 1954 1004 2023 coeuabis
1017 1969 1177 2046 tunquam
1195 1981 1309 2050 tegor,
1333 1961 1397 2026 imo

331 2070 514 2166 aliquando
531 2087 689 2162 tunquam
703 2094 816 2140 mnus.

330 2323 386 2358 sum
395 2303 462 2376 prius
469 2303 557 2357 vocab.
563 2303 591 2356 in
599 2302 747 2377 ed.Bipont.
755 2299 837 2354 nutu
885 2320 943 2374 quat
957 2313 1055 2354 tantum
1068 2320 1121 2354 nou
1134 2301 1167 2353 ab
1186 2301 1243 2373 ipso
1256 2302 1318 2374 igne
1331 2301 1358 2353 iu
1370 2321 1398 2352 os

331 2394 357 2436 et
367 2381 456 2434 Matris.
464 2381 545 2434 Schts.
886 2381 1084 2443 transferuntur,
1099 2377 1194 2448 judicas
1214 2379 1270 2430 sins
1288 2398 1352 2430 noxa
1369 2379 1396 2429 in

367 2479 387 2513 t.
409 2461 435 2513 0
448 2458 573 2528 irffeiirem
591 2457 706 2526 agnem!
723 2456 834 2523 ironice,
885 2455 945 2529 ipsis
952 2455 1088 2509 visceribus
1096 2455 1253 2528 exstinguiin
1263 2457 1397 2525 Ethast.

330 2537 621 2594 namdeindeeonfutat.
811 2599 814 2606 .
885 2533 1139 2608 nati.1v,cap.ult.«
1148 2533 1275 2586 Ardentes
1284 2532 1397 2595 boletos,

365 2634 388 2668 2.
400 2615 472 2686 Quia
478 2635 529 2665 nors
537 2616 596 2666 uino
604 2615 686 2663 nivem
698 2611 784 2662 diruit.
795 2611 841 2663 Di·
888 2625 913 2664 et
926 2613 1017 2680 raptim
1028 2611 1192 2664 condimento
1204 2631 1251 2663 sno
1261 2624 1397 2670 mersatoa,

331 2712 371 2745 eas
387 2689 466 2762 tnagis
477 2692 565 2744 vinnm
578 2687 644 2740 diiui
657 2687 723 2739 nive.
737 2688 787 2739 Se'd
804 2689 839 2741 sic
888 2690 1023 2742 demittunt
1034 2709 1106 2762 pens
1117 2691 1315 2740 inmutet.»-
1325 2688 1364 2739 Ci.
1375 2689 1397 2740 si

330 2767 422 2822 iterum
438 2767 550 2838 loquitur
561 2765 585 2818 11
599 2765 630 2817 de
641 2764 698 2828 Ira,
710 2783 763 2836 cap.
776 2779 837 2830 xxv,
887 2768 951 2820 tanti
966 2768 1093 2831 videatur,
1109 2766 1250 2819 §sirmii
1270 2767 1337 2819 Dias
1351 2785 1398 2817 se-

330 2841 841 2917 uequenivutaspotionessoluru,sedni·
890 2845 945 2898 lect.
958 2866 982 2917 p.
995 2845 1045 2915 339
1055 2864 1091 2914 sq.
1102 2844 1192 2897 Ruth.
1246 2911 1249 2916 Ι

331 2943 386 2978 vem
404 2924 483 2995 ipsam
509 2924 623 2982 rosisse,
646 2921 738 2972 Noster
756 2918 841 2971 scribit
919 2921 943 2973 6.
954 2921 1397 2987 Hocms'ntjumluxuriaootumcrr

329 3001 408 3075 Epist.
419 3015 481 3068 xcv,
499 3000 536 3053 15.
553 3000 627 3068 Lips-
886 3007 967 3050 tuest.
976 2999 1037 3050 Non
1044 2997 1107 3066 quin
1115 2995 1211 3050 iocuios
1220 2997 1274 3048 aive
1281 2999 1396 3066 ἔοχᾶμς,

363 3079 387 3133 3.
398 3081 498 3133 Fracta
518 3082 623 3146 insuper
637 3076 728 3144 glacie.
747 3075 838 3126 Noster
887 3073 1088 3145 quitumpmnis
1096 3073 1398 3147 transferrenturjamau·

330 3149 388 3211 Nat.
401 3157 496 3225 Quaest
514 3156 563 3220 IV,
582 3172 635 3223 cap.
650 3151 695 3204 ult.
710 3151 773 3203 lude
787 3164 836 3214 est,
886 3149 1343 3222 tsahabusrintGreciRomanique3
1353 3151 1397 3203 sed

330 3235 382 3302 ait,
395 3235 462 3306 quod
475 3254 523 3286 nee
535 3231 595 3285 nive
606 3229 709 3298 quidem
727 3229 838 3283 contenti
886 3252 942 3284 non
949 3231 984 3284 ad
995 3231 1105 3299 boletos,
1115 3245 1139 3284 et
1148 3232 1226 3285 talem
1234 3233 1317 3306 ipsum
1325 3233 1399 3285 luxu·

330 3325 402 3379 suut,
415 3313 457 3364 sed
470 3311 592 3384 glaciem,
607 3308 677 3360 velut
693 3308 783 3360 certior
799 3306 838 3361 illi
887 3310 931 3365 rite
942 3309 1112 3379 usumttps.
1217 3343 1222 3353 .

331 3405 360 3444 'ex
370 3392 453 3444 solido
463 3391 532 3462 rigor
540 3389 586 3454 sit,
598 3387 740 3456 exquirunt.
748 3385 838 3439 liubit.
920 3407 942 3455 7.
959 3386 1027 3441 Jom
1037 3390 1143 3441 calloso.
1156 3389 1256 3458 Quarto
1275 3392 1396 3460 Quest:

360 3470 386 3536 4.
398 3469 520 3522 Lucrina.
532 3467 569 3520 Ea
580 3465 637 3518 lacu
651 3465 774 3528 Lucrino,
794 3464 839 3534 qui
888 3488 902 3514 a
911 3465 1040 3519 Emortuae
1050 3467 1148 3529 fauces,
1160 3480 1185 3520 st
1195 3466 1322 3521 oetallate
1333 3467 1397 3518 cibis

331 3567 398 3601 anno
419 3543 515 3600 Christi
539 3545 601 3597 1538
614 3557 685 3598 terres
698 3556 769 3596 motu
787 3545 838 3596 fers
887 3543 1070 3597 ardentibus.»

319 3621 468 3679 destructus
478 3634 521 3675 est.
529 3623 618 3675 Ostrea
627 3643 646 3674 s.
658 3621 792 3693 conchylia
800 3621 839 3675 iu·
919 3623 944 3674 8.
960 3625 1040 3690 Aper.
1060 3624 1101 3675 De
1117 3623 1176 3676 luxu
1190 3625 1218 3676 in
1233 3624 1317 3696 apris,
1333 3644 1399 3692 quos

330 3701 400 3754 trina
412 3699 485 3754 valde
499 3699 695 3774 estimabantur,
708 3698 768 3750 indo
782 3718 796 3750 a
809 3699 837 3750 L.
885 3713 951 3754 totos
970 3701 1143 3773 apponebant,
1162 3715 1186 3753 et
1206 3701 1317 3772 denique
1336 3702 1398 3754 satis

332 3779 414 3834 crassi
426 3779 513 3832 diserti
526 3777 644 3842 oratoris,
660 3797 736 3848 quent
749 3778 837 3831 Cicero
885 3779 1011 3832 habebant
1020 3779 1150 3832 ostendere
1162 3819 1170 3843 ,
1182 3780 1280 3852 scripsit
1295 3780 1397 3833 affatim

329 3857 427 3921 laudat,
447 3868 526 3912 aetate.
544 3853 657 3909 Macrob.
679 3855 781 3908 Saturn.
795 3856 835 3918 il,
886 3858 924 3908 IV
937 3857 1072 3910 Poliorcet.
1084 3857 1274 3928 Dialogisnsol,
1288 3857 1398 3930 Lipsius.

328 3955 375 4001 ¹113
391 3935 478 3987 Horat.
495 3935 575 3988 Serm.
590 3933 632 4000 ll,
647 3934 676 3999 d,
692 3933 740 3998 325
756 3933 837 4003 Epod.
888 3934 978 3988 Ruth.

332 4033 372 4079 ιι,
382 4017 422 4086 49.
434 4012 525 4065 Ruit.
919 4035 943 4085 9.
955 4013 1063 4064 Pectora
1076 4013 1171 4064 avium.
1184 4010 1263 4081 Epist.
1276 4025 1354 4062 xttu
1367 4010 1400 4060 de

362 4093 385 4144 5.
397 4091 476 4158 Ipsos
484 4112 541 4144 cum
550 4091 665 4144 obsoniis
665 4090 750 4162 socos.
757 4088 837 4161 Epist.
886 4102 1013 4162 carptore:
1024 4088 1113 4141 «Attus
1124 4089 1244 4161 pretiosas
1254 4108 1312 4142 aves
1320 4087 1399 4138 scin-

329 4181 397 4236 κον,
420 4167 450 4222 sii
463 4188 469 4222 ε
488 4193 501 4218 u
514 4169 584 4239 Quid
606 4169 649 4222 itta
667 4168 801 4242 purulenta
814 4181 838 4220 et
886 4165 1147 4240 dittpeetusetelunes
1156 4165 1183 4219 in
1195 4168 1271 4218 [rusts
1281 4165 1400 4218 excutit.»
