2975 4992
414 456 679 527 nrtsront
703 448 852 527 cxxi.
1104 452 1166 547 tot

99 606 162 678 eet,
187 591 308 657 necin
322 589 427 658 multa
440 589 668 684 spargendum
680 596 705 657 ¹.
722 589 819 683 Quid
835 592 927 659 eninr
940 590 985 659 nd
999 614 1072 661 rem
1089 617 1171 686 per·

97 709 201 789 tinet,
220 708 258 774 in
273 708 459 800 particulae
473 705 560 773 illud
573 706 735 775 diducere
745 712 758 741 ²
769 709 784 775 Ρ
796 732 901 799 quum
914 710 1021 801 poetis
1034 710 1168 779 diceret

81 824 305 891 «Summum
320 825 448 889 Bonum
474 838 544 904 eet,
569 823 662 914 quod
679 821 859 891 honestum
879 840 947 909 est3
965 850 981 889 r
1005 840 1059 908 et,
1077 826 1171 918 quod

97 938 203 1030 magio
230 934 411 1003 ndmirerie
435 960 443 1001 z
474 964 491 999 u
504 938 616 1005 Unum
642 938 773 1004 Bonum
796 952 868 1019 eet,
886 937 977 1028 quod
990 938 1169 1009 honestum

96 1067 161 1136 αις
181 1079 200 1115 »
224 1046 369 1120 caetera³
385 1052 468 1120 falsa
489 1068 524 1120 et
543 1046 716 1131 adulteru‘¹
735 1052 824 1120 boun
847 1070 937 1121 eunt.
958 1056 1031 1123 Hoc
1045 1056 1074 1123 ei
1088 1078 1171 1148 per-
1196 1068 1212 1123 5

96 1167 243 1235 suaserit
260 1166 343 1249 tibi,
364 1180 400 1235 et
417 1169 577 1235 virtutem
594 1160 823 1236 adamaverit⁵
839 1163 975 1262 (amare
996 1170 1085 1237 enim
1104 1192 1171 1262 pa·-

95 1308 165 1350 rum
181 1280 259 1378 eet)
275 1334 284 1366 ,
301 1282 473 1376 quidquid
485 1283 544 1353 ille
558 1286 759 1378 contigerit,
773 1284 810 1352 id
823 1282 905 1369 tibi,
922 1285 1169 1378 qualecumque

94 1402 168 1469 aliie
195 1399 393 1485 ridebitur,
427 1400 573 1471 fanetum
600 1402 749 1493 felixque
775 1404 863 1489 erit3
892 1416 926 1469 et
949 1406 1124 1494 torqueri,
1141 1407 1168 1473 ti

95 1517 194 1587 modo
214 1518 367 1610 jacuerit
388 1520 461 1610 ipso
483 1534 663 1609 torquente
689 1521 862 1605 securior,
885 1536 919 1587 et
938 1536 1122 1613 aegrotare,
1140 1524 1169 1591 ei

94 1660 158 1703 non
181 1636 400 1704 maledixerit
420 1634 583 1719 fortune,
601 1637 629 1705 si
648 1658 718 1704 non
738 1637 880 1705 cesserit
897 1637 1028 1705 morbo.
1046 1640 1169 1709 Omnia

94 1753 265 1845 denique,
282 1776 358 1846 quoe
373 1753 505 1820 caeterie
520 1751 681 1820 videntur
694 1751 799 1831 mala,
818 1769 852 1820 et
866 1771 1118 1841 mansuescent,
1136 1772 1169 1824 et

95 1870 127 1937 in
145 1870 279 1937 bonum
292 1869 455 1953 abibunt,
477 1870 504 1937 oi
523 1892 626 1963 enper
640 1870 698 1937 illa
713 1871 910 1938 eminuerit.
928 1874 1001 1938 Hoc
1015 1871 1176 1963 liquent,
1194 1878 1211 1935 t

94 1986 181 2054 nihil
204 1986 446 2069 essebonum,
467 1986 533 2053 nici
557 1986 757 2070 honestum
774 2002 808 2055 et
828 1988 942 2055 omnia
955 1988 1168 2058 incommode

95 2126 151 2169 tuo
161 2100 247 2193 jure
269 2098 359 2168 bona
382 2100 607 2183 vocabuntur,
624 2122 700 2193 qnae
714 2101 814 2169 modo
831 2104 940 2169 virtue
960 2101 1167 2171 honestave-

93 2217 146 2283 rit.
174 2204 318 2281 Multie⁶
346 2213 500 2283 videmur
525 2212 651 2307 majora
680 2216 898 2308 promittere,
920 2240 1022 2307 quam
1045 2216 1168 2309 recipit

93 2332 240 2398 hnmana
255 2330 421 2397 conditio.
437 2332 514 2398 Non
527 2330 720 2397 immerito:
741 2328 787 2397 ad
804 2353 927 2423 corpur
945 2334 1036 2399 enim
1054 2332 1164 2425 respi-
1212 2364 1220 2383 ·

93 2450 184 2515 ciunt
193 2452 221 2515 ².
242 2452 472 2517 Revertantur
486 2435 530 2517 ad
543 2447 693 2515 animum
707 2444 715 2513 l
727 2445 798 2540 jam
818 2448 990 2517 hominem
1004 2448 1078 2518 Deo
1094 2474 1165 2516 me-

92 2581 231 2633 nentur.

135 2680 243 2771 Erige
260 2698 318 2762 te,
339 2678 477 2762 Lucili,
498 2678 647 2743 virorum
671 2678 815 2769 optime,
835 2692 869 2745 et
887 2676 1044 2769 relinque
1062 2678 1162 2745 istum

90 2955 178 3006 derunt
188 2947 249 3006 edd.
269 2956 329 3003 vett.
345 2970 403 3003 enm
422 2949 512 3003 mettis.
528 2950 597 3003 Dein
646 2950 706 3003 vetl.
717 2950 776 3003 libr.
787 2951 892 3003 correxi.
903 2950 988 3021 Vulgo
995 2952 1160 3017 anteatino,

88 3035 183 3102 attigit
196 3030 297 3083 debent
313 3028 391 3081 iidem
409 3027 469 3079 libri
484 3039 598 3081 veterat
646 3041 671 3081 et
683 3028 743 3081 het.
757 3028 840 3082 Seium.

89 3114 188 3180 colliges
199 3108 281 3181 vulgo
297 3108 355 3159 edd·
368 3128 397 3159 οι
412 3105 509 3158 Mureti
527 3104 595 3177 inm
679 3112 703 3163 5.
715 3109 911 3172 Adamaverts,
928 3108 999 3160 videt
1011 3108 1052 3161 hie
1066 3108 1160 3161 diteri-

88 3193 192 3261 eeliigae
211 3208 244 3240 ex
262 3187 371 3259 conjert.
390 3184 508 3246 correxi,
527 3183 597 3252 qnod
645 3185 1158 3261 menverborumplerumqneeveterilrut

89 3270 161 3320 etiarn
173 3268 203 3320 in
216 3286 262 3320 ore
280 3264 401 3319 editioni·
410 3264 433 3315 't
434 3263 460 3315 lt.
476 3264 509 3317 tle
518 3264 597 3335 ΙΨ
646 3266 814 3318 observ-tum.
828 3264 928 3336 Spectet
939 3276 1022 3315 tutem
1034 3262 1067 3315 ad
1079 3282 1158 3315 emo-

89 3356 210 3401 notetum.
221 3345 308 3399 Setia.
644 3362 717 3407 nm,
731 3362 808 3414 quen
824 3340 973 3395 retionelem
990 3360 1080 3394 vorare
1096 3361 1158 3416 poe—

120 3421 522 3489 ettamenuteasporgmdum.
529 3420 597 3490 Quin
645 3421 678 3474 eie
685 3460 693 3488 ,
703 3418 938 3494 jndicioetrntione
947 3418 1056 3471 maxime
1067 3432 1155 3474 netum

88 3524 138 3555 nno
149 3504 178 3555 in
189 3504 249 3555 loeo
260 3502 338 3554 ritum
352 3513 395 3554 est.
646 3513 671 3553 et
682 3499 714 3553 ed
725 3500 778 3553 sole
790 3500 858 3552 bone
870 3500 987 3551 relatum.
1001 3498 1092 3551 Ruit.

119 3602 142 3633 υ.
158 3582 237 3653 ρπβ
245 3581 316 3631 enim
326 3580 366 3629 nd
374 3597 455 3630 rem...
468 3578 595 3629 diducere.
677 3578 703 3631 6.
714 3580 810 3630 Multis
822 3579 945 3630 videmur
955 3597 991 3628 m.
1000 3580 1159 3646 promittere.

88 3656 155 3721 Bene
164 3656 386 3726 vertitlagmnge
395 3673 403 3705 .·
417 3654 545 3724 Qum-il
551 3655 596 3706 be·
646 3655 832 3725 Scilicetqunrn
839 3654 947 3706 dicimur
953 3654 1067 3707 dolorem
1076 3653 1156 3725 ipsum

88 3740 143 3787 sein
153 3738 187 3788 de
199 3745 259 3789 tout
271 3736 304 3787 de
317 3734 442 3788 divisione
452 3742 479 3785 et
488 3734 522 3783 de
531 3732 597 3784 συὸ-
644 3732 700 3784 fieri
712 3732 808 3785 bonum
820 3730 1028 3805 potres-Crebra
1041 3730 1088 3782 fuit
1103 3729 1157 3784 hee

87 3816 234 3867 Mem?
646 3810 791 3863 Stoicorum
807 3808 976 3883 reprehensio.
994 3810 1034 3863 Cf.
1049 3810 1110 3863 Seu.
1124 3809 1157 3861 de

117 3894 141 3944 3.
156 3888 597 3964 Μωᾶἱοίῑεὰἱιρῇοηριιᾶἰίῐι-
646 3888 733 3942 Const.
748 3891 806 3961 Sep.
817 3910 839 3943 c.
851 3888 885 3954 3,
899 3910 909 3941 ι
924 3902 977 3941 not.
988 3888 1079 3940 Ruth.

86 3970 174 4024 reetie.
190 3973 252 4025 Non
266 3982 324 4023 eunt
340 3970 407 4022 bone
422 3968 465 4023 :ei
478 3980 594 4021 temen
679 3986 701 4036 7.
728 3968 778 4021 Aa
798 3986 890 4035 corpur
916 3971 985 4019 enim
1012 3968 1156 4034 respiciunt.

86 4052 216 4104 nonnullis
227 4048 595 4112 invocentunleleeetadnl·
644 4045 760 4116 Nempe,
779 4046 911 4117 eieorpus
929 4044 1012 4097 solum
1035 4044 1155 4117 respicis,

86 4131 165 4183 terina
175 4143 241 4185 eunt.
254 4130 346 4182 ttutle.
644 4142 776 4193 nunquam
795 4122 835 4174 illi
847 4121 943 4175 bonum
959 4121 1031 4174 dolor
1042 4120 1098 4173 lieri
1110 4140 1156 4191 po-

115 4210 141 4274 ⁴·
162 4212 316 4272 Adultera,
347 4220 372 4258 et
391 4218 475 4277 poetee
495 4204 541 4255 itoc
567 4222 596 4255 ex
644 4202 709 4253 terit.
