2975 4992
321 470 381 555 164
622 474 663 541 ι.
688 469 859 537 unsar
883 468 1095 540 sunnon

312 622 443 667 omnem
457 600 558 667 vitam
570 614 660 668 tuam
673 620 823 692 exmqua.
836 596 986 691 Quidam
998 622 1034 667 se
1043 598 1135 669 domi
1147 601 1381 683 'contrahunt

312 713 454 783 dilatant
472 715 552 783 furis
567 732 600 783 et
615 716 836 791 eatenduut².
863 713 992 783 Vitium
1010 732 1061 783 est
1077 715 1152 785 lunc
1170 714 1379 803 diversitas,

312 847 346 900 et
359 833 493 926 signum
508 832 695 899 vacillantis
703 833 809 901 animi
821 882 830 913 ‚
841 856 882 900 ac
893 828 1042 899 nondum
1055 831 1215 902 habentis
1229 850 1380 904 tenorem

311 970 418 1015 suum.
433 949 540 1015 Etiam
559 945 796 1027 mundicam,
816 945 907 1015 unde
931 947 1058 1026 sitista
1079 950 1323 1029 inconstantia,
1345 967 1384 1021 et

269 1051 285 1114 4
310 1059 548 1132 dissimilitudo
563 1086 676 1131 rerum
697 1061 996 1153 consiliorumque.
1012 1063 1119 1131 Nemo
1133 1066 1293 1157 proponit
1313 1064 1381 1133 sibi

309 1178 395 1271 quid
405 1178 488 1249 velit
497 1206 508 1263 3
518 1203 596 1263 nec,
608 1179 636 1246 si
648 1163 840 1274 proposuit,
857 1191 1051 1271 perseverat
1064 1178 1100 1247 in
1114 1200 1169 1261 eo,
1186 1180 1246 1248 sed
1259 1183 1384 1251 transi-

309 1295 366 1380 lit3
381 1316 445 1362 nec
456 1309 587 1363 tantum
601 1309 729 1375 mutat,
747 1289 807 1360 sed
820 1291 928 1373 redit,
944 1307 978 1391 et
998 1292 1034 1361 in
1050 1315 1110 1379 es,
1131 1318 1207 1387 qnae
1225 1294 1381 1367 deseruit

308 1434 349 1480 ac
361 1410 554 1492 damnavit,
571 1404 792 1480 revolvunt

357 1528 477 1618 Itaque
493 1541 531 1594 ut
544 1525 735 1618 relinquam
756 1523 974 1594 definitiones
988 1524 1165 1617 sapientiae
1178 1542 1330 1611 veteres,
1345 1547 1384 1597 et

310 1659 413 1712 totum
426 1642 630 1735 complectar
639 1641 797 1711 humanm
809 1642 888 1709 vito
901 1637 1057 1724 modum,
1072 1641 1138 1711 hac
1152 1666 1286 1737 possum
1299 1670 1385 1715 oon·

224 1772 228 1781 “
307 1776 420 1827 tentus
432 1781 505 1827 csse
519 1783 527 1823 :
540 1756 637 1851 Quid
649 1773 700 1825 est
712 1757 878 1850 sapientia
890 1757 906 1826 i
917 1757 1059 1850 Semper
1073 1756 1163 1829 idem
1176 1760 1384 1855 vellentque

266 1872 281 1921 ⁵
308 1871 398 1941 idem
412 1862 645 1939 nolle⁴2110et
663 1870 755 1939 illam
773 1869 1064 1963 exceptiunculam
1076 1894 1148 1941 non
1160 1870 1323 1965 adjicias,
1341 1892 1385 1944 ut

307 2006 437 2057 rectum
460 1989 503 2057 sit
527 1988 619 2080 quod
642 1988 751 2074 velis3
778 2007 846 2055 non
872 2002 982 2079 potest
1000 1988 1091 2057 enim
1109 1991 1266 2083 cuiquam
1285 1994 1381 2063 idem

307 2128 440 2199 semper
450 2105 606 2200 placere,
621 2104 686 2172 nisi
697 2118 839 2173 rectum.
852 2103 1015 2171 Nesciunt
1029 2127 1112 2198 ergo
1124 2103 1279 2176 homines
1290 2110 1382 2201 quid

305 2222 429 2305 velint,
448 2219 514 2289 nisi
532 2220 591 2287 illo
608 2234 799 2301 momento,
820 2240 888 2310 qno
903 2216 1021 2286 volunt
1040 2245 1049 2285 ε
1065 2220 1101 2286 in
1117 2215 1261 2303 totnm⁵‚
1285 2224 1379 2292 nulli

305 2334 393 2405 velle
402 2351 461 2403 aut
474 2324 563 2403 nolle
576 2324 750 2403 decretum
764 2347 827 2401 est.
844 2332 1003 2401 Variatur
1018 2333 1172 2425 quotidie
1180 2321 1379 2428 judicium,

306 2467 340 2521 et
362 2452 399 2519 in
417 2451 624 2520 contrarium
647 2450 812 2535 vertitur,
835 2472 877 2515 ac
900 2446 1074 2542 plerisque
1091 2452 1207 2544 agitur
1224 2454 1292 2521 vita
1314 2479 1385 2547 per

264 2569 281 2624 ⁵
305 2566 427 2637 lusum.
446 2566 567 2637 Preme
583 2589 666 2660 ergo
682 2563 780 2658 ‚quod
797 2563 948 2658 coepisti,
966 2580 1001 2633 et
1017 2565 1157 2635 fortasse
1176 2567 1383 2661 perduceris

305 2681 423 2751 autad
450 2705 637 2763 summum,
658 2696 717 2779 snt
739 2704 801 2762 eo,
828 2678 920 2775 qnod
944 2705 1111 2751 summum
1130 2681 1282 2753 nondum
1304 2708 1385 2755 esse

306 2796 398 2865 solus
418 2790 683 2890 intelligas⁶.'--¹
699 2795 825 2889 «Quid
842 2796 922 2878 fiet,
943 2797 1081 2889 inquis,
1099 2798 1183 2867 huic
1200 2799 1306 2868 turbae
1328 2800 1386 2867 la·

305 2911 475 2981 miliarum
489 2918 498 2961 ⁷
514 2912 559 2980 is
572 2909 751 2983 -Turba
774 2913 837 2983 ists
853 2936 960 3003 quum
988 2935 1010 2979 a
1030 2927 1065 2981 te
1088 2914 1183 3007 pasci
1207 2911 1382 2997 desierit,

339 3122 361 3155 ι.
377 3102 414 3157 Se
432 3101 506 3155 domi
524 3102 720 3155 comminuti.
739 3122 761 3154 e.
772 3102 813 3153 vi·
894 3100 919 3165 4.
935 3100 1016 3153 Idem
1030 3105 1097 3157 velle
1114 3114 1195 3173 atque
1213 3107 1283 3158 idem
1300 3110 1386 3164 nolte.

303 3192 367 3235 tunt
377 3201 449 3253 pares
462 3194 486 3232 st
496 3180 634 3253 frugaliter.
862 3177 948 3246 Quam
956 3176 1132 3233 definitionem
1143 3182 1322 3253 datsapientiae
1328 3187 1386 3237 No·

337 3260 811 3333 aDilatuntfhriselcalendariam.
860 3267 920 3321 star,
934 3256 985 3327 jam
1005 3269 1079 3310 antea
1100 3258 1235 3323 amicitie,
1261 3261 1303 3313 ssd
1326 3262 1386 3315 alio

302 3339 364 3392 loris
373 3336 534 3391 ostentationi
546 3337 679 3409 indulgent
689 3336 800 3391 stlusui.
860 3347 954 3393 sensu,
972 3330 1106 3387 Sallustius
1122 3334 1284 3406 applicuerat.
1297 3335 1383 3389 Idem

336 3418 360 3469 3.
377 3416 461 3469 Nemo
468 3419 591 3484 proponit
598 3414 697 3469 albis...
712 3417 812 3467 revolsi-
860 3410 926 3460 velle
945 3413 1104 3478 atquetdem
1123 3414 1207 3477 nolle,
1219 3429 1251 3465 ω
1270 3415 1387 3466 &mum

302 3496 351 3546 lur.
362 3492 455 3546 Causas
473 3493 548 3564 hujus
563 3492 738 3546 inconstantia
750 3493 813 3545 levi·
860 3505 924 3538 vem
933 3490 1053 3540 dnsltitia
1062 3490 1190 3541 essom.
1200 3489 1255 3543 Cat.
1262 3489 1295 3542 ad
1305 3493 1381 3563 conj.

302 3584 340 3623 tar
350 3570 677 3644 perstringitlleliquabsna
684 3569 813 3625 cohaerent
894 3578 918 3627 5.
936 3574 972 3626 In
981 3582 1071 3627 totum.
1082 3575 1152 3643 Quia
1160 3577 1266 3647 quiaque
1275 3616 1282 3643 ‚
1292 3591 1321 3631 ut
1331 3598 1387 3631 ve·

303 3668 359 3702 turn
372 3650 500 3721 proposito
512 3667 518 3704 ε
530 3662 606 3719 quum
621 3648 689 3701 enim
703 3647 719 3716 S
735 3666 762 3711 α,
780 3646 811 3699 de
859 3651 901 3717 lit,
916 3652 1030 3724 singulm
1041 3664 1147 3719 eventus
1165 3667 1303 3725 exspectat:
1322 3675 1388 3709 nora

302 3724 393 3782 officiis
410 3739 433 3779 sl
444 3726 545 3779 lndlclls
556 3724 684 3797 sapientie
694 3724 810 3786 ditissit,
859 3730 909 3783 sibi
928 3727 1032 3781 firmans
1054 3728 1211 3782 voluntatem
1237 3734 1386 3803 proponit,

303 3804 373 3858 addit
384 3818 450 3859 recte
463 3803 638 3858 definitionem
649 3839 658 3866 ‚
670 3821 744 3873 quarn
758 3804 812 3855 Za·
861 3820 937 3877 qnam
949 3806 996 3857 toti
1008 3806 1066 3858 vitis
1080 3807 1200 3876 regendae
1211 3808 1329 3880 applicet.

302 3883 377 3936 nonis
390 3903 442 3937 esse
451 3882 654 3937 convenientiam
665 3882 811 3951 (ipslsslss)
889 3882 915 3934 t.
933 3882 1012 3935 Solus
1025 3884 1166 3952 intelligas.
1182 3884 1237 3953 Qui
1258 3884 1330 3938 solus
1353 3898 1384 3939 ta

303 3962 412 4014 ubertim
431 3961 504 4037 docet
522 3960 622 4033 Lipsius
640 3958 679 4023 ll,
703 3960 810 4012 Manud.
860 3962 1224 4036 nosti‚ctverarnsapientiam
1237 3965 1289 4035 jam
1299 3968 1387 4021 nosti.

302 4039 372 4092 Dias.
384 4042 420 4093 15.
428 4040 469 4091 Cl.
479 4034 757 4107 'lisdsmann-System
765 4040 813 4090 der
861 4038 979 4108 Lipsius.

302 4114 402 4167 ‘stoiscln
415 4116 515 4169 Fatus.
533 4112 665 4181 Volfilll,
685 4134 707 4185 p.
728 4115 758 4183 76
771 4134 810 4185 sq.
894 4134 916 4184 7.
938 4116 1216 4189 Turboesams'liamm,
1227 4119 1389 4194 Turboesa-

302 4192 392 4245 llis.
861 4194 976 4261 miliari,
988 4213 1004 4246 a
1017 4195 1099 4249 (που.
1116 4197 1329 4264 commendatum
1343 4219 1395 4251 re.
