2975 4992
619 423 658 488 L.
683 416 860 492 ANNAEI
884 424 1103 498 suttsscr:

326 627 1399 672 Q

582 856 585 863 ·
639 823 970 914 EPISTOLA
999 827 1077 912 IV·

795 1033 930 1052 *ι

732 1221 769 1262 Μ
785 1223 892 1264 nourts
907 1225 993 1265 lffl’U·

358 1351 485 1404 Hortntnr
497 1349 623 1416 ιιιιίιιιιιι,
636 1363 665 1402 ιιι
675 1363 817 1422 perseveret
832 1351 859 1404 iu
869 1349 1029 1425 philosophia
1040 1365 1065 1405 et
1073 1353 1101 1406 iu
1116 1350 1276 1405 emendando
1290 1352 1400 1407 auimo·
1392 1391 1402 1407 ι

326 1454 377 1505 quo
389 1435 497 1506 majores
511 1436 578 1487 euim
590 1436 715 1508 profectus
725 1434 814 1500 saciat,
828 1454 858 1488 eo
871 1434 994 1505 majorem
1006 1436 1162 1510 voluptatem
1175 1454 1309 1508 sensurum
1322 1456 1400 1501 esee,

324 1519 393 1571 virili
405 1520 491 1571 animo
507 1529 638 1592 assumpto
652 1533 677 1573 et
689 1517 830 1618 puerilitate
846 1520 965 1596 deposita.
976 1520 1106 1592 Prtecipua
1120 1534 1203 1573 autern
1217 1521 1313 1574 utilitas
1323 1519 1401 1592 hujus

324 1603 401 1658 studii
415 1617 451 1657 est
464 1617 619 1678 contemptus
632 1604 741 1666 anim,
754 1624 806 1657 atre
817 1605 922 1660 mortes
931 1625 1006 1675 quarn
1015 1605 1328 1679 quumeasrivolistausis
1338 1625 1401 1659 eon·
1483 1622 1484 1673 ι

325 1701 440 1742 temnant
453 1689 580 1743 interdum
594 1689 727 1759 homines,
746 1709 761 1744 e
777 1689 940 1745 solidioribus
950 1690 1048 1744 virtutis
1058 1691 1139 1744 causis
1150 1691 1231 1744 multo
1244 1691 1326 1764 magia
1341 1711 1400 1743 earn

325 1795 379 1828 esse
393 1794 463 1848 parvi
455 1773 624 1839 'faciendam
633 1788 727 1828 monet.
738 1773 846 1828 Vitam
838 1789 922 1848 itaque
932 1795 983 1828 una
994 1796 1051 1830 enm
1064 1775 1138 1828 bonis
1150 1795 1205 1828 eam
1217 1775 1400 1828 comitantibns

325 1879 379 1912 non
389 1880 440 1912 esse
451 1860 601 1925 emendam,
613 1859 659 1912 sed
669 1881 773 1914 ornnem
785 1881 831 1935 pro
845 1860 889 1913 illa
898 1857 1096 1914 sollicitudiuem
1106 1839 1301 1933 deponendam,
1317 1879 1398 1929 quum

325 1962 355 1994 ex
368 1954 405 1994 tot
416 1940 548 1994 levissimis
558 1943 637 1996 causis
651 1962 718 1996 mors
729 1963 776 1997 uos
785 1963 907 2017 occupare
915 1942 1000 2016 possit.
1011 1941 1105 1996 Finem
1112 1941 1223 2014 epistola
1234 1940 1397 1994 faeitdietum

324 2027 430 2098 Epicuri
442 2028 474 2081 de
485 2027 551 2082 veris
569 2027 672 2081 divitiis.
682 2029 739 2082 Hoc
755 2029 880 2082 emblema
890 2048 935 2102 per
945 2048 973 2082 ee
984 2027 1117 2100 egregium
1128 2026 1188 2080 satie
1197 2027 1263 2080 bene
1273 2047 1336 2081 eum
1346 2045 1400 2081 att-
1483 2098 1484 2105 ἵ

326 2108 498 2163 tecedeutibus
510 2111 633 2184 conjungi
646 2123 746 2184 potest,
762 2110 968 2182 quandoquidem
979 2111 1019 2178 ei,
1032 2110 1076 2181 qui
1091 2109 1339 2182 peonitentiam,
1351 2127 1402 2160 ure
1483 2140 1484 2143 =

326 2193 415 2247 aridus
423 2207 459 2247 est
465 2215 551 2248 rerum
561 2195 588 2247 in
599 2196 650 2248 rita
660 2215 901 2268 supervacuitatum
911 2234 919 2261 ‚
929 2195 1014 2249 miuus
1021 2193 1220 2266 metusobjieere
1229 2205 1311 2264 potest
1319 2212 1400 2257 mon,

326 2297 404 2348 quam
417 2278 463 2345 iis,
477 2279 521 2350 qui
531 2279 685 2332 contrariam
697 2280 756 2334 vitre
765 2280 889 2333 rationem
905 2279 1034 2334 inierunt:
1047 2297 1193 2351 quanquam
1205 2277 1234 2328 in
1243 2275 1314 2329 hisee
1322 2275 1401 2329 elata-

331 2363 392 2415 sutis
403 2362 473 2416 illam
485 2377 580 2417 ιιιιιιιι
592 2384 650 2418 eum
663 2365 865 2420 antecedentibus
877 2364 1084 2440 conjunctionem
1098 2383 1212 2437 quaerere
1223 2361 1306 2430 veile¹
1319 2361 1400 2435 ipsine

329 2448 439 2500 auctorit
452 2449 557 2502 consilio
567 2463 724 2522 repugnaret.
1112 2443 1116 2448 ’

609 2653 719 2690 SENECA
735 2651 862 2690 trucum
880 2653 936 2691 1ῦο
954 2652 1101 2690 ΗΜΠΙΙ.

374 2779 557 2852 Presserunt
573 2799 612 2850 ut
630 2783 780 2876 coepioti,
801 2798 835 2851 et
852 2800 1016 2876 quantum
1031 2798 1129 2876 potes
1144 2804 1292 2875 propere
1301 2831 1312 2868 ,
1330 2805 1401 2874 quo

326 2898 472 2968 diutius¹
494 2901 561 2970 frui
578 2900 758 2970 emendato
771 2902 885 2968 animo
898 2916 933 2968 et
948 2902 1132 2994 composito
1148 2899 1267 2993 possiet
1282 2899 1402 2968 Frue-

326 3017 374 3084 ris
389 3001 527 3109 quidem
540 3019 641 3086 etiam
656 3018 756 3087 dum²
770 3015 950 3100 emendas,
965 3017 1162 3086 etiamdum
1176 3009 1396 3111 3ιοιιιροιιίιτ

325 3127 413 3201 aliu⁴
433 3150 544 3204 tamen
557 3135 616 3202 illa
630 3135 785 3227 voluptas
803 3127 873 3203 eet⁵
893 3157 967 3227 quae
982 3134 1171 3228 percipitur
1185 3154 1228 3200 ex
1244 3147 1400 3200 coutem-

325 3245 497 3342 platione⁶
516 3252 639 3320 mentis
649 3250 693 3318 ab
707 3253 798 3319 omni
815 3251 891 3320 lube
908 3275 1002 3344 purae
1021 3267 1056 3320 et
1071 3247 1270 3344 splendidae.
1284 3251 1402 3316 Teneo

365 3514 387 3548 ι.
400 3491 460 3564 Quo
469 3495 576 3546 diutius.
584 3493 692 3546 Diutius
699 3512 805 3564 quoms.
799 3511 832 3546 ..c
883 3491 1025 3560 emendos,
1039 3493 1212 3548 consentiente
1227 3493 1330 3546 nonnisi
1343 3514 1399 3546 uuo

327 3585 352 3624 et
361 3571 401 3624 ed
411 3575 446 3623 A.
463 3569 500 3624 Ut
508 3573 607 3623 diutius
617 3591 663 3623 urs.
677 3571 768 3640 Ampl.
779 3570 809 3624 S.
883 3571 971 3624 der
928 3571 971 3643 qui
974 3591 1092 3650 nquer
1054 3573 1092 3624 Gr
1093 3571 1223 3626 uterianie.

360 3674 382 3706 ι.
399 3651 492 3703 Etiam
510 3654 580 3704 dum.
595 3649 706 3703 Etdum
718 3669 794 3703 meuc
810 3664 834 3703 et
915 3651 937 3717 d
955 3649 1035 3706 Atia
1029 3651 1209 3728 Αζιίιιιοιιῇ.
1223 3651 1378 3704 Heumann
1369 3673 1397 3704 ru

326 3732 366 3786 ed.
378 3728 413 3783 A·
427 3729 506 3784 Schts·
883 3718 1036 3795 Poeeilelh
1058 3751 1079 3791 ι
1097 3750 1121 3802 p.
1137 3730 1198 3791 31ss
1191 3730 1331 3803 ingeniose·
1325 3731 1399 3784 ·Sed

358 3809 382 3862 3.
400 3805 535 3863 Emendas
544 3847 550 3874 ,
559 3809 640 3860 etium
651 3807 716 3859 dum
727 3824 835 3872 compo-
882 3809 952 3880 vulg.
964 3808 1028 3860 bene
1039 3808 1120 3860 habet.
1133 3805 1222 3882 diolci.

325 3895 375 3943 nis
387 3891 463 3943 Hunc
478 3888 613 3941 verborum
627 3886 761 3950 ordinem,
777 3904 834 3938 cum
916 3887 938 3940 5.
951 3884 1009 3936 Iun
1022 3887 1146 3954 voluptas
1158 3893 1204 3939 est.
1216 3882 1268 3937 Est
1278 3886 1330 3938 tua
1342 3904 1395 3938 vo-

325 3967 398 4020 editis
415 3969 475 4020 inde
493 3987 508 4019 a
526 3966 627 4040 Lipsio,
649 3977 736 4017 tenent
754 3962 834 4015 nostri
882 3967 971 4033 lnptas
985 3981 1031 4015 ms
1043 3967 1136 4034 Ampl
1149 3963 1230 4019 Schts.

325 4045 394 4098 mssti
405 4045 519 4115 ,aliique
532 4043 715 4119 propemodum
728 4060 833 4107 omnes,
916 4041 1396 4112 6.G›ntemptartone....sp1endidae.

325 4135 350 4174 et
367 4123 407 4178 ed.
425 4125 464 4175 A.
478 4122 551 4175 Olim
565 4133 690 4196 preeunte
705 4121 746 4173 ed.
757 4119 833 4173 Rom.
883 4119 1005 4192 Spectant
1023 4119 1078 4173 hec
1100 4119 1132 4172 ad
1151 4121 1242 4192 dogma
1261 4117 1395 4190 antiquum

325 4200 456 4274 legebatur
479 4205 609 4270 componis
632 4238 640 4268 ,
667 4202 747 4256 ettirm
770 4201 836 4253 dnus
883 4197 1106 4273 philosophicum,
1120 4198 1357 4272 Pythagoreorum,
1373 4209 1398 4247 et
