2975 4992
315 454 381 539 404
607 452 648 519 u.
675 450 855 519 suurn
879 449 1098 519 snuncn

313 583 449 653 fecisset
468 609 476 649 :
492 588 617 664 uuno¹,
634 581 728 674 quod
744 582 890 676 emplius
907 597 977 665 est,
997 584 1098 669 faoit3
1116 582 1282 675 quosdam
1295 583 1390 651 enim

312 697 385 767 edit
397 697 599 790 corporibus
614 697 815 790 impeditos,
835 698 896 767 sed
912 698 1022 766 nihilo
1036 700 1149 767 mium
1161 720 1392 792 perrumpen-

314 832 363 885 tes
379 814 585 885 obstantiss'.
606 812 774 881 Claranus
792 813 878 881 milri
900 813 1037 885 videtur
1055 814 1093 880 in
1120 814 1294 907 exemplar
1310 814 1390 881 edi-

312 954 388 1022 tus,
408 953 448 1005 ut
462 937 552 1005 seire
565 958 762 1028 possemus,
780 959 851 1003 uon
867 934 1081 1003 deformitate
1096 936 1248 1028 corporis
1264 936 1389 1003 foedari

312 1056 486 1133 animm,
508 1048 570 1119 sed
585 1049 841 1145 pulchritudine
856 1052 963 1119 animi
980 1074 1104 1143 eorpus
1121 1054 1252 1120 ornari.

272 1208 288 1274 4
362 1168 527 1260 Quamvis
546 1181 658 1234 autem
676 1167 896 1259 paucissimos
911 1190 981 1233 una
998 1162 1202 1234 feoerimus³
1220 1166 1314 1249 dies,
1335 1183 1391 1234 ta·

315 1306 392 1350 men
410 1281 507 1349 multi
527 1280 626 1349 nobis
652 1304 825 1349 sermones
847 1279 1010 1364 fuerunt,
1028 1302 1115 1372 quos
1134 1278 1282 1348 subinde
1299 1304 1391 1372 ege-

314 1391 406 1467 ram⁴
425 1412 461 1464 et
473 1394 518 1464 ad
532 1412 567 1464 te
579 1395 772 1489 permittam
783 1390 810 1461 ⁵.
831 1397 903 1463 Hoo
919 1397 1030 1487 primo
1044 1396 1101 1463 die
1114 1397 1293 1487 quaesitum
1305 1412 1357 1463 est
1379 1424 1387 1460 ι

318 1542 334 1577 a
354 1510 535 1606 Quomodo
552 1511 685 1604 possint
702 1506 821 1603 paria‘
843 1510 934 1579 bona
951 1535 1046 1593 esse,
1076 1514 1104 1578 si
1127 1512 1248 1606 triplex
1267 1536 1390 1581 eorum

317 1628 469 1698 conditio
480 1633 565 1696 estl.
576 1654 594 1691 s
605 1626 771 1719 Quaedam
781 1676 791 1707 ‚
803 1621 998 1695 utnostris⁸
1012 1626 1161 1709 videtur,
1176 1628 1284 1720 prima
1296 1628 1390 1695 hona

315 1760 414 1831 suut3
429 1760 589 1835 tanquam
604 1740 765 1835 gaudium
778 1791 789 1823 ‚
802 1766 889 1835 par,
906 1742 995 1809 salus
1007 1744 1136 1835 patriae.
1151 1743 1315 1835 Quaedam
1331 1769 1388 1811 se-

316 1860 450 1946 cunda,
474 1861 510 1927 in
529 1860 670 1928 materia
687 1857 817 1925 infelici
842 1862 1039 1951 expressa⁹3
1056 1872 1213 1951 tanquam
1232 1877 1391 1928 tormen-

274 2019 289 2069 5
316 1993 425 2046 torum
438 1977 623 2069 patientia,
639 1990 674 2043 et
684 1976 719 2041 in
729 1973 847 2041 morbo
858 1974 954 2064 gravi
967 1976 1202 2065 temperantia.
1220 1975 1284 2041 llla
1300 1975 1392 2042 bona

315 2092 445 2161 directo
456 2108 610 2185 optamus
621 2091 739 2173 nobis3
755 2090 842 2172 haeo,
858 2092 887 2158 si
901 2112 1039 2157 neeesse
1050 2090 1167 2159 erit'⁰.
1179 2091 1265 2160 Sunt
1275 2090 1392 2159 adhue

317 2209 436 2292 tertia3
466 2220 625 2296 tauquam
653 2204 824 2271 modestus
855 2206 1031 2288 incessus,
1063 2222 1098 2272 et
1122 2208 1326 2299 compositus
1350 2230 1393 2273 ae

315 2325 444 2419 probus
457 2322 594 2404 vultus,
610 2336 644 2389 et
660 2321 865 2390 conveniens
878 2319 1039 2414 prudenti
1054 2323 1130 2390 viro
1148 2338 1275 2417 gestus.
1294 2322 1393 2415 Quo-

318 2437 418 2508 modo
436 2440 499 2505 ista
513 2438 603 2505 inter
619 2460 655 2505 se
667 2438 765 2528 paria
781 2459 855 2506 esse
871 2454 1030 2530 possunt,
1044 2463 1152 2532 quum
1164 2440 1231 2507 sliu
1244 2439 1393 2533 optanda

319 2557 409 2638 sint,
430 2553 497 2622 alia
521 2551 733 2621 aversanda?
757 2554 794 2621 Si
819 2553 973 2623 volumus
996 2556 1059 2623 ista
1086 2553 1322 2648 distinguere,
1346 2555 1393 2621 ad

321 2796 443 2850 ditionem
459 2794 612 2859 hominum,
629 2793 673 2848 sed
690 2794 835 2866 generalius
876 2795 1045 2864 ‘sequentibus
1056 2797 1171 2869 epistolis
1180 2811 1331 2862 uetuerunt,
1347 2818 1397 2851 oe·

322 2874 428 2947 positum
443 2886 478 2927 est
496 2874 568 2925 ononi
585 2875 658 2934 loeo,
671 2872 741 2943 quod
759 2872 835 2925 etiam
884 2873 992 2927 easionis
1002 2889 1086 2927 tamen
1097 2875 1171 2944 huius
1181 2875 1252 2928 nulla
1264 2877 1397 2928 mentione

322 2964 414 3025 spectat
425 2952 458 3005 ad
475 2951 661 3004 deformitatem
675 2970 818 3023 corporum.
885 2952 986 3023 injecta.
998 2952 1088 3007 Rullo

359 3052 380 3083 ι.
394 3032 538 3084 Numlnt.
551 3030 683 3083 sedenim.
919 3034 942 3083 5.
953 3031 1001 3082 Ad
1015 3040 1038 3082 te
1054 3033 1207 3097 pemittam
1226 3030 1323 3083 Erasm.
1336 3052 1399 3083 tum

357 3128 378 3162 a.
385 3108 585 3176 Per-rumpentes
595 3108 738 3170 obstantia,
747 3126 836 3179 nempe
885 3106 945 3161 edit
957 3118 1006 3159 vet.
1017 3120 1042 3158 et
1052 3107 1154 3160 Gruteri
1164 3126 1253 3160 omnes
1265 3128 1323 3160 mss.
1335 3110 1400 3161 tlu-

324 3204 443 3259 rorpora‚
461 3196 485 3236 et
501 3184 621 3237 facientes
641 3197 668 3237 ut
691 3184 739 3237 sibi
756 3185 837 3237 inser·
884 3186 1174 3238 retuswdfemt'ttam.
1274 3216 1278 3223 ι

325 3263 403 3315 uiant.
418 3262 509 3313 ltotk.
917 3263 942 3316 fs
955 3262 1057 3328 Paria,
1069 3262 1134 3315 bene
1144 3282 1171 3315 se
1182 3262 1268 3315 bslset.
1281 3262 1347 3313 Tria
1359 3276 1402 3315 est

358 3340 383 3393 3.
408 3339 567 3392 Feoerimass.
587 3338 632 3393 Sic
654 3350 715 3391 vett.
737 3339 795 3391 edd.
814 3352 838 3390 et
885 3338 1010 3392 nlserratio
1018 3339 1179 3392 librariorum
1188 3339 1398 3408 boeloeoet§5.

326 3418 411 3492 scripti
420 3434 518 3470 omnes.
527 3416 641 3469 Muretus
651 3430 736 3470 umen
744 3432 838 3471 temere
921 3438 942 3485 7.
947 3417 1060 3484 Triplex
1065 3436 1155 3471 eorum
1162 3418 1401 3470 matriacum

327 3494 434 3549 comsit
450 3513 457 3547 ι
474 3497 609 3565 egerimus.
630 3497 722 3548 Facere
743 3515 838 3559 annos,
887 3495 909 3546 si
922 3493 990 3547 lubet
1007 3494 1086 3568 Lipsii
1102 3494 1252 3547 Manuduot.
1271 3495 1311 3546 lll
1330 3495 1402 3545 Diss.

328 3574 390 3639 dies,
398 3586 445 3626 ete.
455 3572 597 3625 idernvalet
605 3572 673 3643 quod
681 3582 840 3644 gratamur
888 3572 914 3625 6.
924 3571 1016 3624 Ruth.

327 3649 839 3721 gpo'sssusddoeentsGronoviosdlutoe
922 3650 947 3702 ll.
960 3649 1073 3702 Nostris.
1086 3650 1188 3702 Stoicis.
1221 3669 1225 3681 ¹

328 3728 411 3780 lotum
428 3748 456 3778 er
476 3724 681 3798 inscriptionibus
693 3727 839 3789 veteribus,
922 3752 946 3803 9„
966 3728 1001 3779 In
1018 3732 1132 3781 muter-io
1154 3729 1251 3800 inj'elica'
1264 3746 1404 3795 expressa.

328 3804 497 3875 laudauteqne
513 3805 691 3857 Casaubonum
701 3806 733 3857 al
749 3806 840 3857 illailla,
890 3806 955 3875 Qua:
966 3827 996 3857 ex
1006 3806 1118 3858 adversis
1130 3806 1204 3859 rebus
1214 3807 1330 3858 oriuntur
1338 3820 1405 3857 etre

327 3882 394 3946 XX,
413 3899 458 3947 ta,
476 3895 500 3934 et
516 3887 578 3935 Acta
595 3884 709 3950 opooot
722 3884 769 3935 XV
781 3924 787 3943 ,
800 3877 840 3934 33.
889 3884 955 3947 mla
966 3884 1129 3956 perpetienda
1138 3884 1312 3937 ostenduntur.

328 3964 416 4016 Addas
430 3962 503 4015 Anal.
513 3962 624 4015 Bruulii
640 3964 677 4027 ll,
694 3984 717 4036 p.
735 3960 792 4031 357.
804 3962 840 4013 R.
925 3984 963 4018 ro.
975 3963 1060 4032 Hac,
1071 3966 1323 4019 simcesseeritdnt.
1332 3976 1407 4034 opta·

360 4046 383 4110 4.
393 4044 511 4097 Subinde
520 4063 638 4113 egeram,
648 4043 740 4096 sensim
753 4063 841 4116 egere-
889 4063 945 4098 mus
956 4056 984 4095 ut
1001 4044 1055 4096 hae
1068 4043 1136 4096 bona
1152 4044 1226 4098 nobis
1239 4044 1408 4116 contingant,

330 4138 356 4171 re
365 4120 382 4172 i.
391 4136 412 4172 e.
421 4122 548 4191 proferre,
558 4133 640 4173 tetum
652 4120 841 4195 communicare
888 4122 911 4175 si
920 4123 953 4175 ad
963 4123 989 4175 id
997 4122 1150 4177 adducimur
1160 4137 1189 4177 ut
1198 4123 1272 4179 nobis
1278 4134 1411 4175 tormenta

329 4196 397 4253 volo.
416 4192 496 4252 'fales‘
513 4198 694 4273 disputationes
716 4198 791 4252 etiam
812 4196 840 4251 in
889 4200 1051 4273 perpetienda
1063 4202 1121 4256 sint.
