2975 4992
330 405 371 472 16
578 404 611 472 J.
636 399 1137 472 ScflWEIGHAEUsERI

325 546 436 608 memte
448 559 524 607 esset
535 546 688 622 insulula,
703 557 735 607 ut
746 547 894 628 discprslis
909 547 1149 628 provectioribus,
1168 545 1267 624 quidus
1286 543 1421 606 nobilis·

324 657 395 715 simi
410 655 580 736 Philosophi
593 655 739 715 lectionem
762 677 814 714 nec
827 655 976 730 mutilem,
996 675 1047 714 nec
1064 652 1249 734 injucundum
1260 651 1334 734 sore
1357 651 1423 712 sili

320 760 628 841 persuaserat-Editor,
645 761 823 842 exemplario
834 759 981 842 posatuu
995 761 1025 819 ire
1041 781 1143 820 munus
1161 759 1240 820 audi
1254 772 1262 798 ¹
1268 771 1419 841 possent,-

322 865 398 927 illud
418 864 570 947 imprimis
594 865 652 927 sihi
674 868 826 949 agendum
847 864 899 928 ille
922 879 1100 948 putaverat,
1117 878 1150 926 ut
1165 867 1271 927 numm
1292 877 1418 927 raneos

322 983 500 1047 contexuere,
516 974 558 1033 ud
568 976 751 1034 novissimum
772 976 921 1036 edr'te'ouem
945 974 1136 1056 lipsiensem'
1153 975 1327 1052 recognitum
1345 975 1417 1055 (itu

322 1083 433 1165 parilem
446 1096 477 1140 ut
492 1104 573 1142 sruun
587 1082 706 1143 sudrirde
719 1081 860 1161 p'rsdieirun
877 1083 1056 1165 sequeretur)
1070 1083 1205 1143 odeum&
1220 1094 1303 1162 atque
1317 1083 1418 1143 nitide

322 1187 534 1249 desen'dmdum
542 1201 663 1250 curaret
676 1211 685 1248 s
697 1187 787 1270 idque
797 1189 896 1272 ipsum
906 1187 1038 1252 fideliter
1048 1188 1199 1272 prestitit,
1213 1189 1321 1249 duobus
1330 1189 1418 1250 volu·

271 1306 276 1313 ‘
323 1285 448 1356 minibus
459 1295 705 1380 perelegantihus
720 1297 910 1379 Franctfisrti
921 1297 962 1358 ad
974 1297 1105 1358 Murrum
1117 1297 1195 1379 opud
1211 1296 1238 1358 V
1237 1309 1417 1378 onentrupp

322 1414 352 1463 et
367 1403 499 1464 Weaner
512 1417 679 1464 aracaeum
688 1403 720 1463 in
731 1401 832 1466 lucem
841 1403 969 1466 emissis.
979 1401 1056 1466 Jam
1068 1424 1142 1467 rero
1152 1405 1247 1487 priore
1259 1404 1415 1466 volumine

312 1507 380 1588 soe
394 1509 521 1570 odsohrto
533 1529 621 1591 quum
634 1511 787 1590 petiissent
804 1509 844 1571 a'b
866 1505 993 1572 Editorc
1016 1511 1187 1592 drbhbpoloe,
1205 1519 1237 1570 ut
1254 1507 1415 1570 Commen-

322 1616 397 1675 ant>
412 1616 499 1674 etism
513 1615 661 1676 metiendo
674 1618 804 1677 animum
819 1617 975 1700 sudhem
993 1615 1139 1678 voluntati
1156 1635 1262 1678 eorum
1277 1613 1414 1677 obsecu-

322 1733 425 1798 turus,
437 1733 548 1803 praeter
559 1721 620 1783 alia
630 1743 695 1803 que
704 1721 764 1784 sibi
775 1743 845 1784 eum
856 1722 886 1782 iu
898 1721 990 1784 finem
1000 1723 1189 1806 procuranda
1204 1718 1411 1795 intellexerat,

324 1828 576 1909 eircuerspiea'endo
587 1831 675 1889 etiam
689 1851 762 1890 nora
774 1830 902 1889 subsidio
910 1830 1038 1911 preterit,
1052 1829 1151 1912 quidus
1161 1830 1192 1889 in
1205 1849 1274 1890 aem
1286 1827 1413 1887 lectione

323 1955 362 1993 ea
376 1936 485 1994 criticoe
498 1936 570 1994 aro‘s
584 1935 691 2013 legatus
700 1934 867 2013 indagando
877 1945 908 1994 et
916 1935 1110 1995 constituenda
1123 1944 1253 1994 utemur.
1267 1929 1317 1995 Eo
1334 1951 1412 1996 cou-

323 2040 405 2113 ailio,
415 2061 508 2122 quum
518 2060 555 2101 ex
564 2037 699 2103 Fabricii
709 2039 902 2103 Bibliotheca
914 2036 1022 2102 Latina
1032 2053 1218 2124 compertum
1229 2038 1290 2102 Vir
1298 2040 1414 2102 doctus

323 2145 466 2223 haberet,
488 2145 604 2207 serrhri
618 2146 649 2206 iu
663 2144 845 2209 bibliotheca
858 2145 1030 2210 Academiae
1042 2144 1308 2231 Argentorateusis
1321 2143 1412 2208 codi-

324 2262 385 2311 c'em
401 2252 592 2334 Epistolurran
608 2252 727 2314 Seneca
739 2255 823 2336 louge
836 2257 1017 2314 vetere-imum
1027 2299 1037 2327 ,
1048 2274 1114 2338 ¹per
1132 2253 1246 2316 litteras
1261 2275 1333 2329 me,
1359 2251 1412 2316 cui

323 2355 521 2419 Bibliothecae
538 2357 628 2440 hujus
645 2378 751 2421 curam
766 2359 978 2422 demandatam
992 2373 1111 2434 nosset,
1130 2359 1221 2436 adiit,
1238 2358 1301 2422 sire
1317 2371 1354 2444 ut
1370 2360 1412 2421 ad

324 2483 358 2524 se
371 2463 607 2526 transmitterem
623 2463 710 2526 illum
727 2463 864 2527 codicem
885 2485 1010 2548 rogans,
1028 2465 1080 2528 siu
1089 2465 1120 2542 id
1134 2464 1233 2527 minus
1249 2463 1315 2527 heri
1329 2483 1410 2549 pos-

325 2584 386 2646 set,
403 2585 437 2632 ut
450 2593 522 2632 eum
535 2593 605 2633 cum
624 2571 776 2656 impresso
792 2572 933 2657 exemplo
954 2571 1172 2636 conferendum
1190 2585 1409 2655 excerptasque

323 2676 471 2741 lectiones
481 2699 584 2741 secum
595 2679 862 2742 communicandas
871 2701 1022 2744 curarem.
1032 2675 1184 2761 Equidem
1191 2675 1408 2740 honestissimo

325 2783 493 2862 desiderio,
508 2787 608 2866 quoad
620 2804 762 2869 possem,
774 2785 882 2848 lubens
896 2786 1135 2871 gratificaturus,
1148 2785 1302 2869 negotirnu
1316 2783 1409 2846 exeu-

210 2885 215 2892 ’
323 2891 417 2953 tiendi
430 2892 542 2955 codicis
557 2892 638 2955 ultro
654 2893 790 2978 suscepi,
806 2893 950 2958 adhibitis
968 2893 1062 2957 etiam
1077 2891 1201 2984 iusuper
1214 2894 1282 2955 aleis
1297 2891 1408 2954 derebus

325 2997 492 3072 codicibus,
512 3020 588 3082 quos
599 3001 733 3084 possidet
743 3002 851 3063 eadem
863 2999 1056 3064 Bibliotheca
1066 3000 1192 3064 minim
1205 3009 1408 3062 contemnen-

325 3107 400 3178 dos;
422 3126 553 3189 moxque
575 3107 730 3191 specimen
753 3104 934 3171 Lectionum
950 3127 987 3170 ex
1007 3119 1136 3188 quatuor
1148 3104 1301 3189 prioribus
1324 3101 1405 3186 Epi-

325 3210 411 3273 stolis
431 3227 642 3297 excerptamm
656 3215 695 3276 ad
709 3197 916 3275 doctissimum
930 3213 1030 3276 vinam
1051 3213 1139 3290 misi,
1167 3213 1303 3295 adjuncta
1317 3209 1406 3272 brevi

325 3319 465 3403 epierisi,
477 3342 536 3402 qua
545 3321 639 3404 ,quid
653 3343 690 3384 ex
706 3320 845 3384 codicum
859 3333 1035 3382 nostrorum
1049 3318 1273 3399 editionumque
1288 3316 1407 3402 priuci-

324 3427 411 3514 pium
418 3429 592 3512 praescripto
602 3429 781 3490 mutandum
792 3426 823 3488 in
835 3425 961 3510 vulgatis
971 3425 1081 3487 harum
1088 3423 1297 3508 Epistolarum
1306 3443 1408 3484 exem·

324 3534 468 3618 plismihi
476 3535 639 3611 rideretur,
651 3534 781 3619 ingenue
792 3532 927 3616 exposui.
940 3531 1090 3606 dinastia,
1105 3553 1142 3592 ex
1152 3529 1217 3593 istis
1232 3527 1406 3612 specimini-

324 3640 381 3702 bus
395 3641 477 3702 haud
484 3663 563 3724 aegrc
579 3640 768 3724 intelligens,
784 3659 876 3722 qum
891 3639 984 3700 mrslta
996 3638 1027 3699 in
1042 3637 1182 3699 universo
1197 3633 1404 3720 Epistularum

323 3745 404 3809 libro
418 3760 609 3831 superessent
625 3746 797 3809 etiamnunc
813 3747 1005 3830 expurganda
1018 3757 1048 3806 et
1064 3743 1256 3827 expolienda,
1275 3742 1402 3825 parsim-

323 3875 382 3936 que
393 3854 578 3918 restitueuda
587 3853 722 3928 rumori,
737 3866 855 3916 temere
867 3851 896 3916 ei
906 3850 982 3914 olim
990 3849 1091 3914 ablata
1099 3892 1109 3927 ,
1118 3851 1230 3934 partim
1243 3849 1399 3932 ejicienda,

357 4109 366 4141 ¹
378 4106 458 4181 Ipsius
470 4107 583 4162 Editoris
592 4106 675 4160 verbis
686 4118 764 4170 ntor,
781 4105 873 4176 quihus
885 4105 929 4180 ille
942 4104 969 4157 iu
982 4105 1173 4178 Prognmmate
1186 4103 1263 4176 paulo
1273 4111 1332 4156 ante
1345 4117 1402 4156 me·

325 4204 422 4244 morato
435 4191 467 4243 de
478 4191 526 4244 hae
536 4188 645 4244 editione
656 4188 779 4242 disseruit.

355 4275 500 4330 'hlamdem
512 4294 589 4348 quam
600 4295 614 4327 a
629 4273 782 4343 Ruttopfie
795 4272 945 4333 adornatam
956 4271 1032 4344 paulo
1042 4283 1101 4326 aute
1113 4270 1172 4324 dixi.
