2975 4992
370 451 415 538 to
507 423 510 430 ’
668 457 710 523 u.
734 456 912 525 snum
935 457 1147 532 sonuum

362 577 453 680 'ergo
471 587 548 653 esti
565 587 642 654 Nou
658 601 742 680 putu
759 609 965 681 pauperem,
993 592 1071 673 cui,
1095 595 1433 694 quantulumcumque

368 720 542 797 superest,
569 720 620 771 sut
642 719 706 772 est.
733 705 790 772 Tu
819 719 931 774 tumen
958 705 1046 774 mulo
1063 731 1174 779 serves
1193 727 1250 781 tuu
1271 740 1279 780 :
1299 733 1332 784 et
1345 718 1433 786 bono

369 837 522 914 tompore
532 821 711 913 incipies¹.
724 822 828 903 Num,
846 836 885 889 ut
896 823 1004 890 visum
1018 839 1068 892 est
1080 827 1263 920 majoribus
1277 835 1430 916 'uostrim

369 967 445 1011 seru
462 943 668 1036 parsimonia
683 943 721 1009 iu
738 940 845 1011 fundo
857 939 942 1011 θεῖ’.
964 948 1041 1014 Νοιι
1054 944 1169 1018 euim‘
1187 967 1316 1024 tuntum
1332 957 1434 1024 ruini-

370 1084 461 1128 mum
480 1061 517 1128 iu
537 1061 628 1143 imo,
649 1058 709 1127 sed
727 1060 913 1153 pessimum
932 1080 1095 1133 remanet.
1114 1062 1226 1138 Vole⁵.

369 1295 414 1329 suo
425 1273 487 1328 vitio
498 1272 620 1327 laborant
630 1270 726 1324 Eorum
737 1281 823 1324 sutem
832 1268 877 1339 qui
925 1285 1042 1344 aristote,
1051 1295 1121 1331 uuue
1132 1277 1215 1352 incipe
1226 1300 1324 1336 servare
1337 1296 1435 1358 tempus

370 1374 423 1407 uon
435 1373 480 1406 ruo
498 1352 561 1405 vitio
578 1363 636 1404 suut
652 1349 754 1416 miseri,
773 1348 875 1401 misere·
926 1361 950 1401 et
959 1349 1065 1426 incipies
1074 1367 1219 1429 opportune.
1231 1361 1298 1412 Nam
1309 1360 1435 1436 inoppor-

369 1432 476 1497 seimur,
489 1451 542 1483 uon
554 1433 588 1481 eia
600 1432 766 1500 ignoscimus.
925 1437 985 1482 ioue
999 1453 1086 1506 pareus
1105 1449 1155 1500 est,
1176 1439 1220 1508 qui
1241 1461 1337 1512 parcere
1357 1443 1432 1508 vuit,

405 1532 426 1564 r.
441 1510 480 1562 Er
497 1511 563 1563 bono
579 1518 689 1577 tempore
700 1508 814 1575 incipies.
831 1504 875 1557 Sin
925 1529 1003 1580 quum
1021 1511 1073 1582 jam
1088 1513 1155 1567 nibil
1168 1535 1245 1590 prope
1267 1532 1377 1594 superest
1390 1522 1434 1574 eni

368 1589 545 1665 percommode
554 1586 623 1640 mssti
630 1585 708 1638 nostri
716 1605 743 1636 o.
752 1596 776 1636 et
786 1584 811 1635 b.
818 1602 876 1635 eum
925 1601 1046 1658 pareatur.

368 1682 475 1739 quatuor
485 1665 611 1720 codicibus
621 1663 756 1738 Opsopoei,
767 1680 875 1732 quorum
958 1687 979 1718 r.
991 1669 1138 1735 Maioribus
1156 1675 1250 1726 nostris
1266 1673 1283 1727 i.
1301 1677 1413 1728 romanis
1430 1699 1438 1733 ι

368 1749 396 1800 in
409 1765 514 1799 numero
526 1757 562 1797 est
571 1742 680 1816 optimus
687 1741 730 1794 iiie
737 1741 874 1805 Puteanus,
924 1757 988 1798 reete
1008 1746 1124 1802 Bentleio
1135 1763 1239 1810 notante
1249 1753 1282 1804 ad
1294 1751 1382 1807 Horat.
1402 1757 1436 1807 A.

366 1825 399 1878 ab
409 1823 552 1877 Emmerieo
562 1834 647 1874 nostro
657 1820 743 1872 denuo
752 1838 874 1884 excussus,
923 1821 953 1876 Ρ.
968 1843 1023 1888 spo.
1040 1825 1129 1880 Rubi.

365 1923 443 1974 quem
455 1915 513 1956 uota
523 1902 589 1954 Par.
598 1901 622 1952 b.
634 1898 803 1972 insignimus3
816 1897 873 1969 qui·
956 1901 979 1954 3.
991 1902 1082 1959 Sem...
1090 1919 1136 1960 m,
1147 1909 1205 1961 ιω
1212 1909 1331 1962 limma,
1339 1910 1436 1964 lauda-

366 1982 482 2034 busitem
491 1980 556 2033 Por.
568 1981 595 2031 ri.
607 1977 710 2030 accedit.
721 1977 764 2044 (lu
775 1977 839 2030 Por.
847 1996 873 2028 o·
922 1979 958 2033 rit
971 1983 1127 2037 Hesiodeum
1139 1983 1202 2039 iliud
1219 2007 1248 2040 er
1260 1980 1315 2059 up).
1331 1993 1369 2042 sai
1387 1982 1436 2058 ὲμ.

364 2061 470 2132 quidem
487 2057 595 2112 evanida
614 2055 663 2108 boe
681 2053 738 2108 loeo
753 2067 789 2107 est
811 2055 874 2107 scri-
922 2059 979 2131 339.
987 2060 1271 2124 (Bmuk·Guom.Poet.
1278 2067 1323 2120 Gr.
1331 2090 1355 2140 p.
1365 2069 1436 2136 rba.)

365 2150 455 2210 ptura:
468 2137 497 2189 iu
513 2137 691 2206 Amplonr'ono
706 2151 768 2184 vero
782 2132 873 2184 omissa
920 2137 986 2196 inii
998 2139 1021 2192 δ’
1031 2141 1062 2193 isi
1075 2144 1170 2210 πυθμένι
1183 2145 1263 2210 ento
1276 2145 1366 2199 Ruit.

364 2229 404 2270 est
410 2228 462 2269 tota
468 2234 525 2288 pars
535 2227 658 2289 postrems
666 2213 740 2283 buius
752 2212 870 2285 epistolar,
955 2222 977 2286 4.
987 2221 1047 2272 Non
1058 2223 1323 2277 mim....,mim·mum,
1334 2225 1439 2279 Ladae

366 2294 546 2350 iardeaverbis
562 2293 603 2345 Tu
617 2293 731 2358 tamen.)
746 2291 875 2345 Sententia
922 2311 976 2369 post
996 2299 1058 2351 alios
1075 2299 1188 2351 Muretus
1209 2301 1363 2374 Antiphanis
1383 2305 1438 2358 co.

365 2385 421 2426 est:
434 2396 447 2420 κ
459 2384 497 2437 et,
511 2370 532 2424 si
541 2373 591 2442 jam
603 2369 729 2422 nuncboe
740 2370 823 2422 iacere
834 2369 874 2421 in·
923 2376 983 2431 mici
1004 2395 1103 2440 versus,
1123 2377 1151 2429 iu
1168 2378 1257 2448 quibus
1275 2381 1325 2432 vita
1347 2395 1437 2438 nostra

366 2472 381 2499 s
395 2451 479 2525 ripies,
490 2450 512 2502 ai
521 2451 570 2522 jam
583 2468 651 2501 nune
663 2446 767 2518 incipies
775 2459 818 2499 tua
826 2465 875 2498 ser·
922 2453 983 2506 vino
995 2453 1150 2507 adsimilatus
1165 2473 1172 2508 ε
1189 2457 1258 2526 quod
1270 2457 1314 2510 ubi
1325 2459 1435 2528 paulum

363 2553 381 2582 s
393 2533 536 2595 vare‚bouo
544 2530 626 2584 edbue
633 2542 744 2600 tempore
753 2525 870 2598 iucipies;
922 2531 1035 2604 supersit,
1048 2533 1326 2605 acescat,apudBruui.
1334 2536 1435 2590 Gnom.

366 2633 380 2659 ¹·
392 2632 446 2665 uon
457 2611 490 2664 ita
497 2629 552 2664 sero
559 2621 586 2661 ut
594 2628 651 2681 ego,
659 2607 704 2677 qui
713 2618 784 2660 [etate
792 2603 872 2658 multo
921 2608 993 2662 Poet.
1006 2609 1051 2662 Gr.
1062 2632 1085 2682 p.
1099 2611 1144 2664 186
1153 2653 1160 2676 ,
1169 2631 1195 2663 n.
1206 2613 1278 2665 vlll.
1290 2611 1331 2664 Gi.
1342 2614 1436 2666 Seuer.

361 2713 380 2739 o
392 2704 417 2744 re
427 2693 508 2764 major
518 2730 525 2756 ,
536 2690 587 2762 jam
602 2686 678 2738 uinis
693 2685 802 2736 multum
814 2703 872 2756 per-
920 2685 997 2759 Epist.
1012 2702 1095 2754 cunr,
1109 2689 1148 2742 ab.
1166 2689 1257 2742 nott.

333 2827 337 2833 ⁵
365 2791 380 2817 s
394 2768 480 2822 didi.»
494 2769 532 2820 Er
544 2767 682 2839 junioribus
693 2765 872 2836 iibris‚qualis
953 2769 976 2820 5.
1004 2767 1078 2821 Vale.
1096 2767 1209 2820 Verbum
1228 2767 1293 2835 boe,
1313 2770 1386 2840 quod
1406 2773 1435 2823 in

364 2861 401 2903 eat
411 2860 495 2901 noster
503 2865 524 2899 c.
534 2859 557 2900 et
567 2845 678 2918 quinque
688 2844 786 2898 codices
798 2845 870 2898 Gru·
918 2843 1014 2897 nuliius
1037 2845 1155 2918 Epistola
1175 2845 1242 2898 calte
1254 2849 1264 2911 (
1277 2867 1332 2899 nou
1348 2848 1436 2920 magis

360 2926 428 2986 teri,
440 2925 514 2978 dueta
523 2937 576 2977 erat
585 2924 687 2995 vulgata
697 2923 833 2997 scriptura,
845 2931 873 2976 e!
917 2940 994 2992 quam
1003 2921 1160 2975 Saiutatioiu
1168 2922 1325 2995 singulorum
1331 2925 1437 2998 Episto-

363 3006 546 3072 bonorempore
554 3006 715 3072 uriincipios.
723 3001 871 3054 servaverat
918 2998 999 3052 iarum
1015 3001 1120 3065 fronte)
1143 3000 1221 3074 vulgo
1244 3002 1434 3075 comparebat,

360 3083 869 3157 tameuveteremscripturamuuusetiem
917 3091 1061 3132 constanter
1077 3078 1170 3150 ubique
1187 3081 1213 3132 iu
1239 3079 1318 3132 tribus
1337 3083 1436 3134 uostris

359 3183 393 3216 ea
411 3161 515 3216 Gruteri
535 3161 677 3228 codicibus,
695 3174 724 3213 ut
741 3161 871 3234 profitetur
917 3161 997 3212 mestis
1008 3159 1359 3234 adjectumlegitur,erceptis
1371 3163 1438 3216 dua-

360 3241 414 3314 ipse
421 3240 446 3292 iu
453 3239 596 3314 Appendiee
603 3238 869 3292 Auimadversiouum:
918 3235 964 3290 bus
972 3251 1014 3292 aut
1022 3238 1101 3292 tribus
1111 3241 1121 3304 (
1126 3239 1152 3292 iu
1162 3259 1206 3292 ms.
1213 3240 1237 3291 b.
1246 3239 1351 3311 quidem
1361 3247 1438 3308 octo)

361 3320 405 3374 sed
416 3319 497 3374 eidem
508 3318 598 3372 deiude
608 3319 684 3372 altera
693 3316 813 3391 scriptura
823 3337 868 3370 su·
917 3316 1041 3388 prioribus
1060 3317 1177 3390 Epistolis
1185 3337 1193 3382 3
1202 3317 1229 3369 iu
1241 3319 1333 3389 quibus
1349 3339 1437 3389 quum

361 3399 508 3472 perindutta
520 3392 682 3451 est.Verbum
694 3400 736 3448 uti
743 3393 794 3464 iaus
805 3395 868 3448 olim
916 3414 975 3448 caso
995 3395 1096 3468 potius,
1115 3415 1191 3467 quam
1208 3398 1330 3465 consilio,
1356 3401 1440 3452 fuerit

361 3477 464 3548 quidem
482 3497 497 3529 a
509 3477 610 3530 Mureto
622 3487 674 3528 erat
685 3473 791 3543 ejectum
803 3511 810 3540 ,
824 3471 867 3526 sed
916 3477 1116 3549 pretermissum,
1125 3497 1172 3530 uos
1180 3477 1318 3550 utreliquis
1329 3479 1440 3552 Episto-

360 3568 504 3608 revoeatum
521 3553 629 3627 abipaio
645 3555 777 3621 :incipias
788 3571 866 3620 vero,
915 3553 947 3606 iis
956 3593 964 3620 ‚
982 3555 1016 3608 sie
1036 3567 1059 3608 et
1076 3554 1142 3608 bisce
1158 3555 1235 3629 ipsis,
1253 3555 1439 3626 adjiciendum

360 3632 388 3684 iu
401 3632 562 3704 conjunctivo
572 3633 649 3685 moin
660 3641 809 3696 ,tenuerant
819 3629 868 3681 edi·
915 3633 1065 3706 putavimus.
1076 3633 1147 3686 idem
1158 3634 1263 3686 verbum
1273 3648 1297 3688 et
1306 3633 1371 3690 huie
1382 3637 1440 3711 pri·

360 3699 425 3762 tores
437 3728 532 3764 omues.
543 3707 570 3762 S.
580 3711 660 3763 —Ne
668 3709 754 3763 eredas
763 3711 788 3760 eb
796 3711 868 3760 molo
916 3731 965 3765 mae
980 3711 1098 3786 Epistulae
1116 3726 1141 3765 et
1157 3713 1212 3766 aliis
1229 3715 1350 3769 omuibus
1370 3738 1441 3770 eou-

360 3788 511 3861 adjectivum
527 3807 578 3841 esse
589 3789 656 3859 quod
667 3787 735 3841 buno
747 3805 867 3862 oppone·
915 3803 1008 3844 stanter
1029 3791 1155 3864 adjectum
1174 3807 1226 3846 erat
1246 3795 1272 3846 in
1292 3795 1333 3848 ed.
1350 3794 1438 3849 Rom.

360 3879 408 3919 tur.
427 3867 502 3919 Molo
520 3865 556 3918 ibi
572 3865 722 3920 indicativus
740 3877 776 3918 est
797 3863 867 3916 verbi
916 3869 990 3920 Tarv.
1006 3882 1029 3921 et
1040 3871 1105 3922 Veu.
1118 3871 1147 3922 iu
1160 3871 1199 3923 ed.
1210 3871 1307 3923 Erasm.
1321 3873 1440 3925 nonnisi

360 3949 440 4000 mulie
455 3967 464 4000 .·
482 3960 506 4000 et
522 3961 577 4020 post
592 3949 696 4016 riseipr'as
711 3944 867 4018 subintelligi
916 3943 943 3998 iu
961 3945 1047 4020 primos
1057 3960 1080 3999 et
1094 3948 1120 4000 in
1135 3959 1230 4022 quartu
1242 3948 1366 4022 Epistola
1380 3948 1439 4004 fine

360 4025 434 4076 debet
446 4043 553 4078 servare.
566 4026 658 4078 Sensus
675 4037 712 4075 est
724 4040 730 4074 ι
741 4022 806 4074 mibi
817 4023 867 4094 jam
915 4022 1086 4091 desideratur,
1100 4025 1203 4097 reliquis
1220 4025 1341 4080 omnibus
1356 4027 1443 4098 adje-

360 4101 497 4155 seueseeuti
514 4100 616 4174 paulum
630 4113 740 4174 superest
751 4099 868 4172 temporis
916 4114 983 4154 etum
996 4103 1162 4176 conspicitur,
1176 4125 1190 4156 a
1208 4103 1309 4157 Mureto
1322 4104 1441 4157 demum

361 4179 401 4234 tui
416 4200 517 4254 parcam
530 4191 574 4232 :tu
592 4191 674 4232 autem
687 4177 730 4249 qui
746 4177 817 4230 flores
830 4178 868 4248 ju·
916 4179 1027 4250 undique
1044 4181 1149 4254 ejectum
1162 4181 1332 4254 deletumque.
1345 4181 1440 4236 Scine.
