2975 4992
317 372 379 457 ns
600 370 639 437 u.
666 335 846 437 iunci
869 368 1085 439 sanaem

309 516 360 569 est
376 515 488 569 autem
506 500 592 583 hoc,
609 500 651 566 de
668 516 722 566 tuo
739 502 877 570 r-Te
890 503 985 593 ipso,
1003 517 1039 568 ct
1057 501 1107 568 tui
1125 503 1252 593 optima
1266 516 1387 595 parte,

308 614 555 709 Corpusculum
570 636 707 706 quoque
721 665 731 698 ,
747 617 848 683 etiam
861 616 889 682 si
903 614 992 681 nihil
1005 614 1082 683 fieri
1095 615 1169 682 siue
1181 614 1240 682 illo
1253 629 1387 708 potest,

310 731 418 823 magis
440 731 663 799 necessariam
688 754 761 798 rem
781 730 906 810 crede,
935 754 1038 821 quarn
1062 754 1218 823 magnam
1244 756 1253 796 ι
1277 752 1391 798 vanas

218 830 223 841 ’
310 846 682 940 ωςςετὶῑγοῑυρῑειῑεε,
697 845 839 930 breves,
854 845 1087 939 pendendas,
1106 848 1390 939 ac,nisima91a

267 986 286 1041 6
312 967 542 1037 moderatione
567 984 821 1063 temperentur,
852 969 889 1036 in
912 972 1120 1037 contrarium
1145 967 1314 1037 abituras.
1338 968 1391 1035 Ita

313 1084 391 1153 dico
413 1112 420 1151 :
442 1087 479 1154 in
505 1086 670 1179 precipiti
697 1101 749 1154 est
769 1084 925 1179 voluptas
938 1091 963 1167 ¹,
984 1086 1028 1156 ad
1046 1085 1198 1155 dolorem
1216 1086 1362 1177 'vergit
1376 1133 1390 1162 ,

312 1202 380 1269 nisi
395 1199 529 1269 modum
547 1216 659 1269 tenent
671 1192 697 1286 ³3
718 1200 854 1271 modum
869 1219 984 1271 autem
1000 1218 1119 1271 tenere
1134 1203 1171 1269 in
1184 1225 1226 1270 eo
1243 1198 1404 1292 difficile!

315 1330 387 1396 est,
412 1312 504 1405 quod
529 1315 655 1383 bonum
681 1338 754 1385 esse
780 1315 980 1385 credideris.
1003 1318 1084 1383 Veri
1108 1315 1190 1383 boni
1213 1312 1390 1404 aviditer,

316 1444 387 1497 tuta
406 1444 470 1497 est.
494 1426 590 1521 Quid
609 1431 653 1497 sit
677 1429 792 1513 istud,
814 1433 1030 1525 interrogas,
1050 1447 1110 1499 aut
1127 1431 1219 1501 unde
1237 1430 1393 1499 subeat?

315 1546 449 1625 Dicam.
465 1545 616 1614 Esbous
628 1548 857 1631 conscientia,
874 1572 916 1619 ex
929 1549 1081 1615 honestis
1092 1547 1260 1630 masiliis,
1278 1570 1323 1614 ex
1337 1569 1394 1613 re-

317 1663 381 1729 ctis
393 1661 595 1744 actionibus,
610 1686 651 1731 ex
666 1678 862 1757 contemptu
875 1663 1102 1746 fortuitorum,
1112 1685 1154 1730 ex
1162 1662 1300 1756 placido
1313 1662 1394 1729 ritae

318 1792 352 1845 ct
370 1778 534 1846 continuo
550 1793 667 1847 tenore
685 1802 788 1847 unam
804 1760 993 1872 prementis
1008 1782 1111 1848 viam.
1130 1781 1217 1849 Nam
1230 1778 1309 1859 illi,
1330 1778 1392 1868 qui

319 1916 360 1961 ex
374 1892 452 1961 aliis
463 1895 644 1986 propositis
668 1895 705 1961 in
724 1894 792 1962 alia
810 1896 1026 1980 transiliunt,
1050 1912 1110 1963 aut
1127 1919 1171 1963 ne
1194 1893 1394 1963 transiliunt

320 2010 480 2103 quidem,
503 2009 565 2078 sed
581 2034 660 2079 casu
673 2011 820 2103 quodam
835 2013 1130 2094 transmittuntur,
1147 2008 1319 2102 quomodo
1332 2009 1394 2077 ha·

282 2154 295 2205 7
319 2126 402 2195 bere
416 2124 602 2219 quidquam
615 2143 746 2196 certum
760 2151 998 2197 mansurumve
1009 2142 1168 2221 possunt,
1184 2127 1343 2219 suspensi
1360 2140 1394 2192 et

320 2243 398 2335 vagi
411 2244 426 2309 Ρ
437 2242 541 2309 Pauci
554 2256 653 2323 sunt,
668 2242 728 2334 qui
752 2242 893 2310 consilio
908 2266 944 2311 se
958 2265 1087 2334 suaque
1104 2240 1286 2334 disponant
1307 2267 1316 2308 ε
1332 2264 1396 2309 ooe·

321 2360 387 2426 teri
403 2382 520 2427 eorum
536 2382 628 2425 more
643 2408 656 2442 ,
675 2381 753 2449 quae
768 2350 982 2425 fluminihus⁴
1004 2359 1180 2439 innatant,
1197 2381 1268 2425 nou
1284 2373 1391 2437 cunt,

323 2475 383 2547 sed
406 2476 573 2544 feruntur.
593 2478 640 2542 Ex
664 2474 789 2565 quibus
804 2468 892 2543 alia⁵
910 2474 1020 2543 lenior
1043 2472 1137 2542 unda
1162 2474 1337 2557 detinuit,
1356 2498 1397 2542 ac

271 2581 273 2589 ⁴
322 2590 457 2661 mollius
473 2592 587 2675 vexit,
608 2589 675 2658 alia
690 2588 924 2660 vehementior
937 2591 1070 2683 rapuit,
1090 2590 1157 2658 alis
1174 2592 1340 2684 proximae
1352 2590 1397 2657 ri·

323 2702 413 2803 pae⁶,
431 2732 533 2795 cursu
545 2706 804 2801 languescente,
822 2705 1001 2799 dep'osuit;
1020 2706 1086 2773 alia
1099 2722 1233 2774 torrens
1248 2706 1397 2799 impetus

326 2825 363 2890 in
377 2845 469 2889 marc
483 2822 596 2914 ejecit.
614 2818 697 2889 Ideo
711 2818 985 2890 constituendum
999 2836 1050 2889 est
1062 2870 1071 2902 ,
1084 2819 1170 2911 quid
1179 2819 1348 2903 velimus,
1363 2834 1396 2887 et

327 2938 364 3006 in
381 2961 423 3007 eo
442 2934 741 3030 perseverandum.

325 3128 385 3171 sunt
397 3117 489 3191 vulgo,
500 3116 598 3189 abjecta
606 3117 668 3170 iude
678 3115 711 3169 sb
719 3116 759 3168 ed.
769 3116 836 3167 Yon
884 3116 974 3167 Horat.
985 3116 1042 3180 lli,
1055 3114 1141 3167 Cam.
1155 3136 1204 3186 η,
1216 3114 1256 3168 33.
1267 3113 1397 3187 Epictetus

326 3210 351 3250 et
360 3196 449 3251 merito
465 3196 585 3267 quidem,
598 3214 640 3257 me
653 3194 735 3267 judice
747 3231 755 3257 ,
767 3178 798 3246 ul
807 3214 837 3246 ex
884 3191 1057 3247 snboeimor.
1067 3192 1151 3245 Serto.
1160 3193 1181 3256 l,
1191 3212 1215 3264 p.
1228 3192 1267 3251 ιδ.
1276 3192 1396 3246 schem:

325 3272 423 3327 scholio
436 3273 499 3327 olim
511 3273 618 3326 invecta.
628 3270 709 3325 Scio.
885 3270 937 3323 vita
944 3272 1053 3323 sonante
1063 3270 1191 3342 implicata
1198 3269 1288 3343 rapido
1295 3270 1396 3325 flumini

361 3372 382 3404 r.
399 3354 451 3406 Est
460 3355 590 3421 voluptas·
598 3354 721 3427 ignorent
729 3351 835 3404 estsdd.
884 3351 1031 3424 similislest,
1042 3352 1200 3421 turbulenta,
1213 3370 1334 3418 motu,
1343 3354 1396 3406 im-

247 3444 250 3453 ·
324 3441 454 3481 vestrum
464 3429 545 3481 msstis
558 3428 700 3499 Arpha
720 3440 746 3481 et
765 3427 835 3483 aliis:
884 3432 1041 3504 pumileas
1060 3431 1202 3504 imaginem
1218 3433 1312 3485 Noster
1334 3432 1397 3484 bene

325 3506 433 3579 quodsi
455 3507 550 3580 placet,
581 3506 717 3560 delendum
738 3502 837 3559 comma
887 3507 983 3561 dilatat.
994 3506 1086 3561 Ruit.

310 3600 315 3609 ·
326 3598 383 3659 post
394 3584 617 3653 cataplasmam.
920 3586 1131 3640 Minicio-sliu
1137 3587 1313 3641 mcoetsrum
1319 3588 1396 3641 vitam

359 3685 384 3717 a.
400 3664 437 3717 Iu
445 3664 573 3733 pmcipitt'
589 3672 629 3715 est
646 3663 784 3730 wirsptas,
800 3661 840 3712 ad
887 3683 945 3717 cum
955 3663 1116 3735 navigatione
1127 3664 1397 3737 compararier-eteri-

326 3745 439 3795 dolorem
465 3744 555 3811 uergit.
586 3738 652 3792 Satis
669 3737 760 3791 callide
782 3735 838 3788 Ln-
886 3742 1278 3816 bnsmultsssemplsdoceut·
1288 3744 1397 3797 Ci-Ga-

323 3838 423 3890 μαψ
431 3818 519 3871 vertit:
532 3816 575 3870 Lo
584 3818 739 3885 uoluple'es!
745 3817 836 3868 sordes
885 3820 970 3873 ucker
979 3819 1012 3872 sd
1022 3820 1060 3870 M.
1069 3820 1194 3872 Antonin.
1206 3838 1292 3893 Mo,
1308 3840 1331 3873 ι,
1345 3821 1380 3872 R.

327 3898 406 3951 bords
417 3898 488 3949 dela
496 3898 612 3949 douleur·
918 3898 943 3950 li.
958 3899 1099 3952 Proxima
1108 3902 1260 3967 ripn-m...
1270 3901 1396 3967 deposmc

361 3979 387 4032 ³.
408 3978 512 4031 Teneat.
528 3978 571 4030 Est
583 3980 692 4030 temti!
703 3974 729 4029 in
743 3975 784 4028 sd.
796 3977 837 4029 A.
886 3976 930 4029 Sic
940 3976 1077 4029 edittvctt.
1085 3976 1245 4039 commum,
1255 3976 1327 4047 quod
1335 3996 1394 4048 pm·

329 4070 353 4110 st
366 4077 423 4110 mss.
435 4057 459 4109 b.
471 4056 584 4110 esebo.
885 4054 1055 4107 tertationem
1066 4056 1182 4108 Muretus
1192 4054 1355 4124 inpruaeime
1363 4055 1396 4107 ri·

363 4136 386 4203 4.
408 4134 645 4205 Quoestumlnibus.
657 4133 697 4189 Cl.
706 4134 753 4207 Ep·
766 4133 837 4199 mi
882 4151 949 4202 pam
958 4131 1072 4185 mutavit.
1080 4130 1160 4185 sesa.
