2975 4992
336 490 381 554 52
593 509 599 514 ·
633 489 676 556 L.
700 490 880 559 ANNAEI
903 491 1115 562 SENECAE
1141 567 1146 576 ,

340 675 1410 710 Q

635 813 962 900 EPISTOLA
994 815 1090 901 111.

800 973 934 992 *1

666 1131 709 1170 Μ
725 1130 915 1171 ΕΗΕΙΗΙΕ
932 1131 1065 1173 HICIS·

367 1230 539 1285 Familiariter
547 1225 711 1302 reprehendit
718 1224 863 1294 Lucilium,
876 1229 946 1298 qnod
956 1228 1031 1280 amici
1045 1227 1150 1281 nomine
1159 1263 1167 1292 ,
1175 1241 1204 1280 nt
1213 1228 1306 1302 vulgus
1313 1229 1412 1294 soleat,

335 1336 396 1370 usus
407 1317 457 1381 sit,
469 1327 621 1384 monetque,
639 1331 706 1365 eum
716 1313 821 1364 demum
839 1331 898 1366 rere
916 1333 945 1366 ae
961 1313 1061 1387 proprie
1073 1313 1182 1366 amicnrn
1195 1333 1264 1378 esse,
1277 1335 1412 1385 quocum,

334 1405 357 1455 si
374 1403 492 1477 probatus
503 1399 580 1453 hesit
587 1437 596 1463 ,
608 1399 696 1451 omnia
707 1411 793 1450 nostn
809 1417 881 1469 tque
893 1419 922 1451 ac
933 1397 1067 1451 nobiscum
1078 1399 1265 1453 communicare
1276 1401 1413 1474 possimus.

334 1488 413 1542 Unde
430 1486 482 1540 ltoe
503 1505 551 1538 nos
573 1481 713 1557 proficere,
729 1482 818 1547 addit,
833 1495 862 1534 ut
876 1503 924 1536 nec
942 1482 988 1554 ipsi
1002 1482 1064 1535 mali
1086 1483 1147 1554 qnid
1163 1484 1370 1552 committamus,
1390 1497 1416 1536 et

234 1579 239 1588 '
335 1571 446 1624 amicum
456 1579 613 1622 constantem
623 1568 761 1620 reddamus
772 1579 798 1619 et
809 1564 921 1619 fidelem.
932 1569 962 1619 ln
973 1587 1024 1639 quo
1037 1579 1062 1619 et
1073 1588 1088 1621 a
1100 1567 1177 1642 vulgo
1189 1569 1355 1642 sejungamur
1365 1587 1416 1620 nos

336 1669 446 1729 oportet,
460 1654 553 1727 quippe
563 1653 606 1724 qni
616 1691 625 1716 ,
639 1652 713 1705 nullo
725 1652 800 1705 amici
813 1641 958 1705 discrimine
969 1653 1044 1716 iacto,
1054 1653 1096 1706 vel
1106 1673 1194 1706 omues
1202 1653 1344 1706 amicornm
1355 1654 1415 1707 loco

335 1739 448 1806 liabent,
467 1739 509 1792 vel
524 1738 644 1792 amicitie
656 1737 826 1812 praestantiam
839 1737 964 1808 ignorant
983 1738 1043 1803 (Cl.
1054 1739 1134 1811 Epist.
1148 1753 1189 1806 tx,
1208 1738 1253 1790 ubi
1265 1737 1316 1790 alio
1330 1759 1416 1810 eoque

336 1824 416 1878 unico
429 1844 501 1877 more
514 1823 583 1876 hunc
594 1823 679 1874 lorum
689 1823 869 1896 persequitur.)
880 1823 945 1892 Qua
958 1821 1063 1893 quidem
1072 1822 1214 1876 observatio
1228 1825 1258 1876 de
1275 1823 1435 1878 hominum.

337 1907 511 1963 inconstantia
522 1906 634 1960 similem
647 1926 737 1960 eornm
753 1927 864 1960 errorem
882 1907 909 1960 in
926 1907 982 1980 ejus
993 1921 1104 1961 menum
1121 1921 1241 1975 revocat,
1258 1922 1343 1984 utpote
1365 1909 1419 1980 qni

337 1991 488 2045 industriam
497 1992 526 2044 in
534 1991 747 2044 circumcursione
761 2005 880 2063 perpetua
894 2003 921 2043 et
930 1993 1041 2061 quietem
1050 1991 1077 2044 in
1090 1992 1161 2044 omni
1173 1992 1297 2046 vacuitate
1313 2013 1327 2045 a
1339 2005 1420 2045 motta

338 2090 443 2149 poam.
452 2076 518 2129 Satis
524 2075 581 2130 laxo
593 2075 696 2128 vincalo
704 2075 839 2128 adhibetur
847 2076 981 2149 Pomponii
991 2076 1086 2128 dictum
1095 2075 1288 2140 clausulssloco,
1296 2077 1419 2147 ejusdem

338 2162 392 2214 lere
400 2160 550 2236 mgmenfi.
561 2161 689 2216 &terum
697 2173 723 2213 et
732 2162 764 2213 de
773 2160 884 2214 amicitia
895 2181 982 2213 omnes
993 2161 1071 2234 egisse
1082 2174 1212 2226 auctores,
1223 2161 1266 2233 qni
1277 2162 1309 2213 de
1319 2159 1419 2214 officiis

339 2247 515 2318 exposuerint,
527 2261 632 2300 constat.
646 2249 677 2299 ln
694 2247 786 2300 Stoicis
803 2259 887 2299 autem
906 2247 992 2299 haere
1005 2247 1134 2299 tractanda
1145 2247 1206 2299 clari
1216 2250 1285 2302 lucre
1298 2247 1419 2300 Posido-

340 2331 414 2397 nius,
426 2332 540 2397 lderato,
552 2332 677 2386 Panaetius
687 2331 773 2395 (Vide
786 2329 863 2404 Diog.
875 2331 958 2384 laert.
968 2330 1038 2396 vll,
1051 2335 1111 2398 rad)
1124 2331 1232 2402 :quibus
1243 2343 1268 2384 et
1281 2331 1370 2384 Cicero
1388 2332 1419 2384 in

342 2412 408 2465 libro
420 2415 522 2487 egregio
540 2417 571 2467 de
584 2415 715 2479 Amicitia,
730 2415 833 2488 dialogo
842 2415 1044 2488 praesentissimo
1058 2414 1189 2479 Platonis,
1203 2414 1244 2469 cni
1257 2415 1344 2482 titulus
1356 2429 1397 2469 est
1410 2434 1419 2470 ε

342 2496 428 2570 Lysis,
440 2498 557 2570 inpartes
568 2513 666 2567 vocato,
677 2500 826 2553 idemtidem
838 2520 896 2552 usus
908 2519 959 2552 esse
967 2499 1073 2553 videtur.

630 2654 741 2692 “HM
758 2654 883 2691 Ῑιΰῦῐῐιῐθ
902 2653 959 2691 tuo
975 2653 1120 2689 ΙΔῐΰὶΊΙ.

390 2757 564 2823 Errsronas
588 2753 633 2824 ad
658 2781 712 2825 me
739 2755 960 2849 perferendas
986 2754 1178 2840 tradidisti,
1203 2769 1243 2822 ut
1263 2753 1413 2836 scribis,

342 2873 452 2940 amico
469 2889 538 2940 tuo.
559 2873 692 2942 Deinde
711 2872 890 2942 admones¹
907 2897 978 2959 me,
995 2896 1038 2940 ne
1053 2875 1166 2941 omnia
1180 2896 1257 2941 cum
1272 2897 1312 2942 eo
1323 2870 1368 2938 ad
1381 2889 1421 2940 te

343 2989 550 3080 pertinentia
568 2991 833 3074 communicem,
860 2991 941 3081 quia
966 3014 1033 3057 non
1051 2989 1159 3058 soleas
1176 3013 1221 3057 ne
1241 2991 1313 3082 ipse
1331 2990 1423 3079 qui-

343 3105 444 3174 dem'
462 3105 500 3174 id
516 3101 662 3174 incerc³.
676 3109 728 3176 Ita
740 3107 859 3176 eadem
876 3108 1018 3201 epistola
1037 3108 1133 3180 illum
1152 3124 1185 3176 et
1202 3107 1314 3176 dixisti
1332 3107 1424 3174 ami-

344 3245 441 3307 cnm,
463 3238 497 3290 et
515 3225 657 3314 negasti.
674 3225 795 3315 Itaque
812 3225 861 3292 sic
877 3226 992 3316 priore
1010 3223 1069 3292 illo
1089 3224 1212 3306 verbo,
1231 3225 1327 3316 quasi
1344 3245 1423 3315 pu-

346 3332 471 3423 blico‘,
489 3364 571 3408 usus
589 3364 647 3427 es,
668 3356 703 3409 et
729 3343 779 3410 sic
798 3341 895 3412 illum
918 3343 1059 3407 amicum
1075 3343 1223 3424 vocasti,
1246 3339 1422 3433 quomodo

382 3544 403 3576 r.
420 3527 554 3578 Admones
563 3545 608 3579 ms.
618 3529 682 3596 Arg.
692 3548 721 3587 c,
736 3540 761 3580 et
769 3547 790 3579 c.
800 3545 858 3580 cum
908 3545 955 3579 ms.
968 3546 989 3580 c.
1002 3538 1027 3580 et
1037 3525 1076 3579 ed.
1087 3529 1142 3590 A.,·
1153 3547 1204 3580 nun
1214 3531 1298 3580 solens
1310 3545 1353 3578 nec
1363 3530 1426 3594 ipse

346 3599 411 3655 aliis.
423 3604 565 3655 Ammones
578 3614 664 3655 noster
677 3604 701 3656 b.
716 3601 797 3656 Schts.
907 3607 1029 3673 quidem,
1045 3605 1084 3657 ed.
1099 3607 1173 3658 Rom.
1188 3617 1212 3657 et
1224 3604 1281 3658 alie
1297 3616 1357 3656 ante
1369 3605 1426 3655 Li·-

380 3701 403 3732 n.
419 3681 481 3734 Non
492 3683 576 3732 solens
588 3699 619 3732 ne
628 3681 858 3751 ipsequidem.Sic
907 3681 1153 3754 priumNecsoleus
1162 3683 1422 3753 ipsequidem,com-

346 3757 426 3811 nostri
443 3778 471 3810 n.
489 3771 513 3810 et
533 3759 558 3810 b.
579 3777 637 3810 eum
651 3762 743 3827 Ampl.
757 3771 781 3810 et
793 3760 859 3812 Pur.
907 3759 1054 3813 mendatum
1067 3780 1081 3812 a
1094 3759 1221 3826 Grutero,
1240 3757 1369 3828 amplexus
1384 3771 1425 3810 est

345 3857 372 3888 n.
389 3837 417 3890 b.
435 3837 463 3887 d.
481 3835 537 3887 Nec
548 3835 613 3887 mihi
624 3835 731 3888 dubium
743 3847 795 3898 est,
810 3855 859 3888 eo-
908 3837 1006 3910 lipsius
1032 3850 1056 3890 et
1082 3849 1185 3890 tenuere
1207 3847 1262 3910 post
1286 3855 1346 3892 eum
1374 3834 1426 3888 alii

347 3913 406 3966 dem
432 3911 510 3966 modo
536 3914 613 3965 etiarn
631 3915 658 3968 in
678 3915 733 3967 aliis
756 3914 858 3968 vetustis
891 3914 1097 3990 ¹omnes-Scins.

346 3989 418 4043 libris
435 3990 555 4064 scriptum
584 3992 678 4056 fuisse,
700 3992 792 4060 quibus
817 3991 858 4044 vel
941 3994 965 4046 3.
983 3993 1022 4046 Id
1021 3994 1114 4065 secere
1124 3991 1212 4065 scripsi
1222 4011 1280 4044 curn
1293 3989 1427 4044 nostrisa.

346 4069 501 4136 Pincianus,
522 4070 563 4122 vel
573 4071 714 4145 Opsopoeus
730 4093 790 4124 usus
810 4083 858 4138 est,
908 4071 932 4124 b.
944 4093 964 4126 c.
975 4084 999 4124 ct
1010 4071 1053 4124 cd.
1065 4071 1101 4136 A,
1114 4090 1159 4145 pro
1167 4069 1428 4142 vulgatoltocsccere.

345 4147 391 4200 sed
403 4146 434 4199 ab
445 4147 503 4216 his,
516 4147 732 4216 utleviuscnlum,
746 4170 799 4206 nou
816 4149 860 4203 ad·
943 4151 966 4215 4.
983 4149 1102 4202 Publice.
1120 4151 1141 4200 l.
1160 4148 1230 4217 quod
1244 4146 1322 4218 vulgo
1340 4145 1429 4198 usita-

346 4236 469 4278 uotatum.
478 4225 540 4282 Non
550 4229 636 4281 solcas
646 4237 675 4279 tu
687 4230 743 4296 ipse
754 4229 861 4296 quidem
910 4237 964 4280 tum
975 4263 982 4292 ,
996 4245 1132 4280 commune
1144 4239 1188 4281 est.
1199 4223 1241 4282 sic
1255 4243 1310 4278 mos
1320 4225 1389 4290 suit,
1400 4237 1431 4277 ut
