2975 4992
289 471 359 559 634
581 478 622 545 L.
647 474 824 543 ANNAEl
848 474 1065 545 SENECAE

288 606 472 700 recipiam,
494 620 528 674 et
542 628 690 699 coquoe,
711 622 746 675 et
763 623 904 676 caeteros
920 605 1158 702 voluptatibus
1175 610 1304 679 noetrie
1317 609 1374 678 in-

288 725 389 817 genia
407 722 699 794 accommodantes
718 749 791 795 cua.
811 724 909 818 Quid
922 726 1015 794 enim
1027 732 1054 809 ¹,
1073 749 1133 794 oro
1151 740 1206 811 tc,
1227 727 1371 797 liberale

286 838 415 907 habent
428 840 484 909 icti
494 839 607 933 jejuni
621 841 804 910 vomitorce
813 846 841 923 ²,
860 864 1008 934 quorum
1021 863 1165 935 corpora
1177 842 1217 911 in
1231 842 1368 935 eagina,

204 1008 206 1011 .
230 963 261 1019 ιθ
284 956 390 1024 animi
404 956 441 1023 in
456 957 563 1025 macie
576 972 611 1025 et
622 970 764 1026 veterno
778 958 882 1031 tunt?
893 958 949 1026 An
959 956 1102 1026 liberale
1113 955 1267 1027 etndium
1279 954 1371 1025 ictnd

284 1096 358 1141 esec
379 1074 553 1167 juventuti
580 1090 704 1143 noetrae
731 1073 926 1156 credimue,
955 1099 1057 1167 quem
1084 1076 1232 1169 majorca
1259 1077 1368 1146 noctri

284 1203 412 1256 rectam
433 1182 682 1258 exercuerunt³
710 1188 849 1260 heetilic
875 1189 1012 1282 jacere,
1039 1187 1160 1259 eudem
1178 1204 1368 1283 torquere,

283 1327 410 1396 equum
427 1305 581 1399 agitare,
603 1328 698 1374 arma
715 1307 890 1374 tractare?
904 1304 1000 1374 Nihil
1020 1304 1148 1374 liberos
1166 1328 1246 1381 eune
1263 1302 1372 1373 docc-

284 1418 389 1506 bant,
406 1420 501 1514 quod
515 1420 718 1491 diccendum
731 1437 821 1491 creet
832 1422 1043 1516 jacentibus.
1058 1420 1128 1491 Sed
1144 1444 1209 1489 nec
1224 1420 1280 1489 hae
1297 1418 1372 1511 [ar-

167 1590 174 1603 .
284 1530 401 1631 tes⁴‚]
431 1563 498 1608 nec
523 1538 612 1620 illae,
639 1539 766 1610 docent
788 1540 928 1609 aluntve
944 1540 1128 1608 Virtutem.
1155 1537 1254 1632 Quid
1276 1538 1371 1605 enim

282 1653 422 1747 prodest
436 1680 563 1749 equum
577 1680 722 1750 regere,
741 1672 776 1725 et
790 1680 927 1727 curtum
942 1656 1017 1750 ejus
1034 1657 1141 1726 fraeno
1154 1670 1369 1750 temperare,

283 1770 464 1840 affectibus
483 1760 762 1842 efficnaussimic
780 1771 960 1841 abstrahi?
977 1770 1075 1865 Quid
1086 1770 1229 1866 prodest
1244 1769 1372 1839 multoe

281 1888 421 1960 vincere
440 1888 627 1958 luctatione
640 1891 836 1973 velocem,
856 1889 901 1959 ab
919 1887 1098 1959 iracundia
1114 1891 1232 1958 vinci?
1304 1878 1313 1891 ⁸

225 2040 251 2090 ¹7
329 2002 427 2098 Quid
445 2006 556 2100 crgo?
573 2004 662 2074 nihil
680 2005 839 2074 liberalia
857 2007 957 2075 nobie
973 2005 1156 2075 conferunt
1167 2006 1283 2074 studia
1295 2007 1369 2073 Ρ-

279 2119 334 2190 Ad
351 2120 418 2189 alia
436 2122 601 2204 multum,
621 2119 666 2189 ad
680 2122 851 2191 Virtutem
867 2119 977 2191 nihil!
997 2125 1084 2192 Nam
1103 2139 1140 2191 ct
1155 2123 1210 2192 hae
1224 2123 1311 2192 viles
1325 2145 1367 2190 cx

277 2236 429 2330 professo
443 2252 534 2304 artes
541 2285 553 2322 ,
574 2259 651 2328 quoe
666 2260 770 2306 manu
783 2253 958 2322 constant,
977 2237 1023 2308 ad
1040 2239 1269 2307 instrumenta
1282 2239 1365 2307 vitae

276 2346 463 2447 plurimum
478 2352 681 2437 conferunt,
705 2370 818 2423 tumen
837 2352 883 2422 ad
900 2356 1063 2447 virtutem
1079 2378 1149 2423 non
1168 2354 1362 2448 pertinent.

279 2470 399 2565 Quare
415 2494 499 2565 ergo
516 2470 719 2542 liberalibus
735 2468 858 2540 etudiic
871 2470 961 2540 filios
977 2470 1178 2541 erudimus?
1189 2472 1268 2541 Non
1281 2471 1367 2565 quie

278 2694 361 2767 Supte
378 2692 458 2767 Epic.
477 2708 536 2748 nvn
553 2692 627 2747 initio
640 2692 794 2748 Athleticem
845 2712 901 2746 cem
922 2691 1002 2747 nebit
1021 2692 1053 2747 eb
1076 2692 1155 2746 altero
1177 2690 1258 2764 Epist
1281 2706 1366 2745 mu.

279 2772 408 2847 iutelligit·
420 2772 495 2843 Laps.
844 2794 858 2820 ιι
872 2772 935 2826 Nan
947 2771 1069 2827 videntur
1082 2770 1130 2825 tibi
1143 2782 1231 2823 contre
1243 2778 1365 2824 netum

314 2871 335 2905 t.
350 2852 426 2926 Quid
431 2854 510 2916 enim,
521 2872 567 2905 om
575 2862 624 2906 te...
634 2851 796 2907 sumom—
843 2850 949 2915 vivere,
966 2848 1012 2922 qui
1025 2847 1108 2922 jejuni
1125 2846 1232 2912 bibunt,
1252 2847 1299 2919 qui
1317 2848 1366 2901 vi-

279 2931 362 2985 bechi
373 2928 480 2985 artificcc
490 2932 589 2986 nnllam
600 2931 738 2985 utilitatem
747 2930 797 2986 lu-
844 2948 908 2983 num
919 2930 1046 3003 recipiunt
1057 2928 1179 2982 inertibus
1189 2926 1278 2994 venit,
1291 2940 1318 2980 et
1328 2927 1364 2981 ad

277 3010 354 3077 beet,
366 3028 446 3081 quum
456 3022 556 3065 tentum
569 3009 740 3083 voluptatibus
750 3010 794 3065 in·
844 3008 931 3067 elbum
942 3007 1006 3063 ebrii
1017 3004 1172 3065 transeunt?
1182 3029 1197 3054 ι

277 3089 404 3154 servient,
420 3101 444 3142 et
462 3088 529 3163 gule
544 3088 662 3155 famulis,
679 3088 724 3160 qni
737 3107 794 3143 cte·
875 3085 1032 3154 3.1tecs.(i.
1045 3106 1067 3139 e.
1078 3105 1133 3138 non
1143 3084 1266 3157 jacentet)
1274 3102 1364 3139 mrc-

278 3168 337 3243 pnle
348 3186 438 3241 grevee
451 3180 476 3219 ct
488 3186 563 3221 mene
576 3166 657 3240 jejuni
670 3179 791 3230 vomunt,
841 3164 917 3217 biens
927 3182 935 3217 :
944 3175 1135 3218 rectumeoeerc.
1148 3162 1243 3216 barole
1251 3165 1363 3230 iuoere:

277 3259 306 3301 ut
315 3245 389 3299 cdere
399 3258 474 3317 etque
482 3257 569 3321 potere
577 3244 683 3315 possint.
693 3244 793 3319 Lipsius
841 3256 917 3316 etque
934 3245 971 3297 ite
989 3243 1129 3317 legendnm
1140 3262 1239 3297 censeo.
1251 3241 1364 3296 uem

277 3324 388 3379 coelet-ri
395 3322 468 3394 iubet
475 3324 523 3396 Ep.
540 3336 619 3376 tntxn.
630 3322 684 3376 Cic.
694 3322 727 3377 dc
737 3323 793 3377 ou.
841 3324 933 3379 bectilc
941 3324 1011 3390 idco,
1018 3324 1079 3395 quie
1086 3322 1303 3395 ceqnitnrsudem
1311 3332 1364 3376 tw

279 3402 470 3471 l,42enmderu
480 3400 629 3453 sententiam
640 3399 793 3453 habecvul-
841 3422 927 3477 quem.
945 3403 977 3454 lu
1001 3402 1070 3457 ludis
1088 3400 1211 3455 exercitur
1227 3399 1318 3475 gladic
1335 3419 1364 3453 ee

278 3497 366 3553 gercm
380 3491 464 3531 eutem
473 3476 647 3531 buncrnorcm
654 3476 792 3549 hincjam
841 3481 976 3555 parabunt,
987 3479 1080 3535 etideo
1089 3478 1364 3533 ventlbbenttlmtile

278 3556 409 3611 Ciceronis
417 3568 541 3629 tempore,
553 3566 582 3608 ut
590 3555 794 3628 poctcoenemed
841 3570 944 3625 antem,
956 3558 1054 3612 miselle
1065 3558 1145 3611 telum
1156 3557 1364 3610 entier-ectum.

276 3632 793 3688 vomitumircntcenvivtectciboalvum
842 3638 942 3691 Temen
961 3636 985 3690 ci
1003 3636 1062 3707 quir
1079 3636 1144 3689 tueri
1162 3645 1261 3689 rectam
1281 3633 1364 3687 velit:

277 3725 460 3779 exonerarent,
473 3731 506 3765 ne
520 3711 614 3785 lugius
624 3724 736 3787 sumpno
747 3732 795 3766 no·
843 3717 923 3790 poscit
940 3736 954 3767 c
973 3712 1136 3786 sequentibus
1149 3732 1157 3766 :
1168 3712 1248 3766 Na'ltt
1265 3713 1364 3767 libem

278 3807 360 3861 cerel,
375 3793 462 3847 videre
481 3792 541 3846 licct
556 3812 569 3845 c
589 3790 642 3845 Cic.
660 3792 734 3846 Orat.
747 3812 794 3867 pro
843 3814 907 3848 suot
918 3794 1056 3861 doceant,
1069 3794 1142 3863 meod
1153 3790 1364 3845 disemu-

279 3872 366 3945 Dejot.
380 3894 401 3927 c.
414 3892 438 3939 7.
447 3871 557 3925 etCelcc
569 3873 599 3940 l,
613 3872 737 3926 &Arctoe
749 3894 795 3926 eo·
843 3882 884 3927 set
894 3874 1051 3941 jacentibus.
1067 3872 1187 3945 opponet
1205 3874 1284 3925 rectis
1293 3910 1302 3937 ,
1311 3875 1364 3934 ic-

279 3964 320 4005 cet
328 3970 372 4004 coc
383 3951 438 4005 (lic.
445 3951 505 4004 Fin.
513 3953 541 4004 11
550 3992 558 4019 ‚
568 3952 591 4003 ⁸.
603 3951 657 4005 Scd
666 3970 795 4005 menuc-
843 3948 1294 4019 concerpe-vertiam&
1304 3946 1365 4002 Une

279 4031 356 4085 crevit
369 4032 412 4085 illa
423 4031 555 4102 nequitie,
568 4043 596 4083 ut
606 4030 647 4082 vel
657 4030 738 4105 jejuni
752 4051 796 4083 vo·
841 4035 958 4092 ieunesse
967 4047 1017 4099 quc
1026 4045 1074 4080 ms
1085 4027 1202 4081 metm
1211 4028 1367 4095 exercui&

278 4123 392 4175 merent,
405 4132 482 4183 quem
493 4110 585 4162 Noster
596 4109 686 4183 rapine
698 4108 794 4182 carpit,
846 4108 941 4162 debent
950 4114 970 4169 ὸ
978 4107 1098 4161 Iamrle
1106 4106 1219 4172 jaoelot,
1230 4117 1280 4159 etc.

280 4210 306 4241 v.
320 4208 341 4241 c.
355 4188 387 4241 etl
398 4188 474 4241 liclv.
484 4206 515 4259 9,
531 4206 570 4239 ro.
579 4184 670 4239 null.
877 4188 902 4254 4.
912 4187 1001 4240 Artes.
1010 4184 1172 4238 Vocabulum
1183 4194 1256 4238 artes
1267 4204 1298 4239 ex
1305 4204 1365 4239 oon·

315 4286 338 4318 n.
351 4267 444 4333 Jejum·
454 4271 600 4319 minitores.
612 4264 665 4333 Qui
677 4264 748 4318 locus
759 4266 795 4318 lu·
845 4265 940 4336 iectura
951 4264 1042 4333 adieci.
1055 4262 1138 4317 Scbw.
