2975 4992
306 412 368 477 186
586 412 626 478 L.
652 410 832 479 ANNAEI
855 410 1072 482 SENECAE

300 534 375 587 etiam
387 535 420 604 Q
438 530 580 609 Scipionis,
598 535 647 591 Cn.
663 535 783 603 Pompeii
794 536 832 589 Μ.
844 536 925 589 soceri
937 534 1093 605 aliorumque
1106 536 1240 589 hominurn
1254 538 1378 610 cujusvis„

300 620 379 673 aetatis
389 620 547 691 ignavorum.
558 622 612 675 Hac
623 641 676 675 nna
686 622 728 675 ria
743 621 860 689 securitas¹
873 640 971 682 summa
981 636 1149 695 comparatur,
1157 622 1375 695 qnandoquidem

300 704 335 757 ita
343 704 415 757 rebus
428 705 627 777 quibuscumque
639 718 759 759 terrorem
770 705 949 759 incutientibus
955 746 965 770 ,
977 727 999 760 e.
1013 728 1033 761 c.
1049 706 1141 775 morti,
1156 709 1288 779 equuleis,
1306 722 1371 775 etc,

302 791 385 843 omnis
396 790 518 843 turnultus
528 792 634 845 timorve
646 791 768 855 demitur,
789 812 847 844 vera
861 791 952 865 quippe
963 792 1028 845 facie
1043 792 1074 845 iis
1087 793 1191 846 reddita.
1208 796 1264 849 lloe
1279 790 1373 848 suadet

198 870 203 879 “
301 872 563 947 philosophiaffiujus
571 891 693 949 praecepta
702 878 792 931 ellectu
801 876 1136 948 probandasuntllortatnr
1145 889 1289 941 tamen,ne
1298 876 1374 949 cogi·

300 957 389 1027 tationi
401 960 432 1011 de
445 961 528 1013 futuro
545 962 613 1013 malo
626 962 771 1035 indulgeat,
784 962 829 1015 sed
841 974 870 1015 nt
885 983 914 1015 ea
927 962 1079 1027 meditetur,
1097 981 1155 1033 que
1171 961 1306 1029 animum,
1325 957 1378 1031 qui,

302 1062 406 1116 corpore
413 1044 444 1097 sit
452 1046 585 1114 liberatus,
596 1060 721 1100 maneant.
729 1050 786 1119 Qua
797 1048 927 1101 occasione
938 1047 1011 1112 data,
1024 1047 1155 1119 egregium
1166 1046 1258 1099 bucilii
1268 1065 1372 1098 versum

302 1129 456 1190 recordatur,
468 1131 513 1203 qui
526 1131 603 1184 habet
611 1150 617 1183 :
626 1134 686 1186 Non
699 1144 802 1204 repente
815 1151 863 1184 nos
876 1132 903 1183 in
910 1124 1018 1184 mortem
1028 1130 1150 1199 incidere,
1163 1130 1207 1184 sed
1217 1129 1377 1183 minutatim,

303 1213 425 1267 Clausala
435 1235 492 1269 cum
505 1217 550 1279 iis,
561 1236 619 1288 quar
629 1215 677 1273 tac
688 1216 792 1295 epistola
804 1229 967 1281 tractaverat,
979 1216 1046 1271 benc
1061 1216 1178 1270 cubaret.
1192 1218 1276 1269 attere
1285 1228 1378 1267 antem

304 1293 409 1371 Epicuri
419 1300 500 1368 dicta,
514 1301 651 1355 satietatem
663 1301 720 1355 ritae
734 1301 785 1353 risu
801 1301 967 1374 explodentia.

591 1486 701 1523 ΙΙΜΟΔ
718 1487 844 1523 nucmo
863 1487 919 1524 tuo
937 1488 1080 1525 MLUTBU·
1114 1494 1117 1497 ’

353 1614 597 1681 Sonsrcmnn
621 1630 653 1681 te
677 1638 750 1681 esse
766 1614 887 1682 scribis
905 1615 948 1682 de
966 1615 1090 1708 judicii
1113 1631 1260 1701 eventu,
1281 1613 1378 1705 qnod

306 1730 368 1798 tibi
386 1731 481 1798 furor
500 1731 630 1797 inimici
653 1730 856 1816 denunciat3
880 1747 915 1797 et
932 1732 1101 1798 existimas
1119 1754 1172 1798 me
1195 1753 1376 1797 suasurum

306 1863 344 1916 ut
350 1833 494 1957 ¹meliora
508 1846 570 1914 tibi
581 1847 653 1940 ipse
666 1858 674 1893 ¹
689 1871 875 1941 proponas,
888 1863 922 1915 et
933 1849 1128 1939 acquiescas
1137 1848 1211 1939 spei
1223 1843 1372 1913 blandae.

211 1991 219 2005 =
306 1960 401 2052 Quid
415 1962 504 2027 enim
521 1984 658 2029 necesse
676 1978 725 2028 est
743 1961 830 2028 mala
844 1985 1037 2043 arcessere,
1056 1977 1113 2044 et,
1133 1962 1214 2028 satie
1230 1962 1299 2027 cito
1312 1982 1375 2052 pa-

307 2078 423 2145 tienda
440 2103 545 2169 quum
563 2080 742 2163 venerint,
764 2101 989 2170 praesumere,
1009 2100 1050 2144 ac
1072 2101 1221 2171 praesens
1243 2093 1377 2171 tempus

246 2248 249 2257 ,
309 2194 415 2262 futuri
426 2211 517 2262 metu
528 2194 674 2287 perdere
686 2196 700 2262 Ρ
712 2197 771 2262 Est
784 2196 857 2261 sine
870 2192 975 2263 dubio
984 2198 998 2227 ²
1009 2194 1148 2263 stultum
1159 2244 1169 2272 ,
1179 2194 1261 2285 quia
1270 2217 1378 2284 quan·

310 2313 421 2402 doque
435 2312 481 2377 sis
493 2310 626 2378 iuturus
643 2312 766 2390 miser,
782 2334 856 2377 ease
868 2310 940 2401 jam
954 2312 1114 2377 miserum
1131 2336 1140 2375 t
1158 2308 1218 2377 sed
1231 2331 1299 2401 ego
1312 2308 1379 2376 alia

311 2445 344 2495 te
357 2428 401 2495 ad
421 2427 634 2495 securitatem
655 2419 732 2519 via³
751 2426 884 2493 ducam.
901 2427 936 2493 si
956 2426 1006 2493 vie
1023 2450 1155 2493 omnem
1174 2425 1379 2494 sollicitudi-

311 2571 387 2614 nem
396 2568 520 2612 exuere
534 2593 543 2625 ‚
555 2538 725 2635 quidquid
739 2544 867 2610 vereris
880 2565 923 2608 ne
931 2543 1066 2609 eveniat
1077 2558 1297 2623 ,eventurum
1311 2542 1380 2608 uti-

311 2686 378 2753 que
395 2682 548 2753 propone
572 2684 580 2722 ε
601 2672 654 2742 et,
676 2657 913 2749 quodcumque
932 2670 984 2722 est
1002 2652 1088 2723 illud
1103 2654 1249 2737 malum„
1266 2671 1383 2723 tecum

312 2780 384 2871 ipse
404 2778 539 2860 metire,
557 2800 597 2843 ac
611 2774 766 2842 timorem
786 2787 881 2839 tuum
893 2766 989 2838 taxa⁴
1008 2770 1198 2865 :intelliges
1211 2772 1377 2864 profecto,

312 2907 455 2959 autnon
474 2880 669 2982 magnum⁵,
689 2901 749 2953 aut
765 2910 832 2954 non
848 2884 986 2978 longum
1003 2907 1103 2967 ¹esse,
1124 2884 1217 2975 quod
1242 2886 1381 2962 metuis,

351 3105 372 3136 ι.
394 3082 455 3135 Tibi
465 3085 526 3150 ipse.
538 3080 562 3132 E
574 3077 647 3131 codd.
659 3078 731 3130 Grnt.
743 3086 771 3128 et
778 3096 821 3129 ve-
869 3087 1017 3148 argumenta
1027 3086 1175 3144 sequentes,
1189 3085 1278 3125 notum
1287 3085 1335 3127 est.
1346 3074 1387 3137 R,

314 3164 360 3216 teri
375 3162 503 3227 editione,
518 3160 568 3231 jam
580 3156 712 3229 aliquoties
723 3154 822 3207 laudata
903 3164 927 3215 3,
944 3166 1048 3217 Atiam
1062 3167 1119 3216 via,
1139 3162 1220 3215 le
1238 3162 1380 3225 mnu-2112,

315 3242 425 3307 restitui,
447 3253 475 3293 ut
491 3238 572 3311 magis
586 3235 715 3289 Latinitati
731 3254 824 3286 emeu-
869 3255 897 3295 ιη
910 3243 997 3296 omnin
1009 3243 1106 3295 timm.
1119 3242 1175 3294 Hoc
1189 3241 1271 3313 ipsum
1291 3240 1321 3291 in
1335 3240 1379 3311 Ep.

315 3324 379 3376 datae
392 3318 562 3373 conveniens:
579 3316 623 3369 etsi
639 3314 767 3367 interdum
779 3334 824 3366 re-
870 3338 973 3376 mvm
988 3323 1120 3375 :omnem
1131 3321 1241 3372 sonunt
1252 3318 1381 3371 licentiam

314 3398 400 3470 gulam
408 3396 473 3449 lianc
481 3394 627 3467 posthabere
638 3392 824 3447 nondubitarit
871 3400 899 3453 in
920 3400 1001 3455 oculi,
1019 3399 1098 3462 habe,
1117 3412 1238 3467 tauquam
1254 3394 1382 3466 quidquid

315 3479 409 3531 Noster
420 3497 477 3530 eum
496 3477 626 3530 Cicerone.
644 3474 684 3525 Cf.
697 3474 757 3527 Var.
768 3474 824 3526 leet.
873 3490 953 3551 potest
972 3480 1064 3542 lacere,
1082 3479 1177 3529 factura
1199 3475 1245 3526 sit:
1258 3472 1382 3544 quidquid

316 3558 349 3610 ad
361 3558 399 3609 ΙΙΙ
411 3558 443 3611 de
457 3558 495 3610 lra
513 3558 536 3609 8.
554 3561 632 3607 antea
642 3571 649 3607 :
659 3554 706 3605 tibi
717 3556 776 3620 ipsi.
789 3551 825 3603 ll.
873 3568 1037 3628 exspectatum
1051 3568 1088 3608 est
1098 3553 1158 3619 din,
1171 3551 1254 3605 lenius
1266 3551 1367 3605 accidit.

351 3658 373 3687 2.
391 3638 441 3689 Est
449 3635 589 3687 sinedubio
590 3668 647 3685 .......
658 3628 860 3685 ducom.Li-'
906 3629 1286 3700 4.7lmorem...tooeoJudicio,
1295 3628 1382 3700 quanti

317 3716 384 3789 psius
399 3706 439 3769 hic
456 3727 512 3786 apte
532 3712 618 3765 laudat
631 3708 744 3781 Epistola
755 3724 824 3774 1111,
873 3712 921 3776 sit,
931 3711 1038 3765 aestima.
1048 3708 1165 3779 Lipsius.

318 3805 425 3845 Lxxtvet
433 3806 543 3843 txxvtrr.
553 3790 628 3851 Vere,
641 3785 720 3851 addit,
730 3784 826 3856 sapien·
906 3793 931 3841 5.
948 3792 1006 3843 Aut
1014 3809 1065 3843 non
1076 3808 1210 3857 mnrium·
1222 3786 1325 3860 Epicuri
1335 3786 1385 3838 de·

318 3874 349 3925 tis
371 3871 498 3947 usurpatio
514 3882 538 3923 et
558 3868 707 3921 remedium.
724 3866 758 3917 Et
776 3885 826 3917 no-
875 3876 1006 3921 cantatum
1023 3869 1050 3919 iu
1069 3867 1157 3922 dolore
1177 3866 1297 3919 solatium
1318 3865 1386 3920 inlra

318 3966 369 4005 stro
380 3961 492 4025 tempore
502 3946 625 4019 quosdam
637 3966 698 4011 esse,
709 3944 827 4018 quihanc
874 3947 957 4000 statim
968 3965 976 3999 ι
987 3946 1062 4017 Lenis
1075 3955 1127 4010 est,
1141 3947 1167 3998 si
1175 3946 1251 4017 serre
1258 3961 1384 4014 possum,

320 4030 433 4083 iteratam
448 4028 479 4081 de
493 4039 573 4079 morte
591 4024 770 4099 cogitationem
783 4042 826 4095 pa·
875 4027 956 4079 brevis
966 4037 1005 4080 est
1012 4065 1020 4089 ,
1033 4026 1196 4097 sisemnon
1209 4043 1328 4093 possisna-
1343 4022 1385 4077 Sic

281 4142 284 4149 ·
320 4126 376 4161 rum
393 4105 516 4159 salubrem
536 4104 614 4157 menti
631 4103 706 4156 bone
718 4113 742 4153 et
756 4114 827 4153 tran-
875 4103 1030 4174 AEschylus:

321 4185 439 4261 quillllflll
453 4182 651 4255 ttnlmlpttlenl,
667 4180 754 4233 tillem
776 4181 827 4233 sere
876 4176 1384 4251 Oo'poufflo'soeynphposolnlxuxpdne.
1427 4218 1433 4223 .
