2975 4992
296 389 340 458 36
561 390 593 458 J.
620 387 1113 460 SCHWEIGHAEUSERI

294 554 416 600 causam
433 533 618 620 significans,
636 535 667 598 iu
677 531 841 620 Rubkepfii
850 547 885 598 et
894 533 1031 597 Matthiae
1048 533 1227 596 editionibus
1242 534 1370 618 diligen-

294 655 341 705 ter
357 642 559 705 observatum.
572 641 671 704 Porro
686 651 822 724 temptare
843 642 919 725 (pro
939 639 1085 720 meare),
1100 643 1271 721 dampnare,
1294 665 1370 702 eon-

295 752 413 832 tempsi,
429 760 573 830 sumptus,
592 759 622 808 et
638 746 763 819 similia,
782 759 953 810 constanter
966 746 1100 808 scribunt
1119 746 1238 826 codices
1251 746 1367 816 uostris

294 855 402 938 quibus
413 855 447 915 iu
462 853 562 914 verbis
577 851 714 936 neglecta
730 871 749 914 a
765 851 853 913 nobis
865 875 886 932 p
899 851 999 913 littera
1010 865 1056 914 est
1065 865 1086 912 ¹..
1101 854 1225 935 Eaequi,
1236 855 1367 930 aidum,

295 972 446 1044 expectere
459 959 637 1044 plerumque
653 957 787 1050 scribunt
808 958 900 1019 iidem
924 959 1055 1032 codices;
1082 959 1135 1023 uhi
1151 960 1291 1042 equidem
1307 979 1371 1021 uon

297 1067 406 1130 invitus
418 1067 550 1130 litteram
565 1089 580 1126 s
593 1064 692 1142 tenui,
708 1084 800 1146 quam
812 1076 881 1147 post
898 1087 920 1125 n
934 1063 1078 1126 insertam
1086 1086 1209 1148 nuperae
1222 1065 1371 1128 editiones

296 1175 487 1238 exhibebant.
502 1175 696 1238 Monstmosus
710 1171 825 1256 passim
834 1172 967 1235 scribunt
985 1170 1056 1235 libri
1070 1172 1181 1249 nostri,
1200 1172 1253 1236 ubi
1266 1172 1371 1256 vulga·

294 1293 360 1342 turn
375 1293 546 1342 monstrosus
559 1279 641 1342 tenui
651 1291 673 1341 ².
716 1308 720 1316 ·

337 1387 458 1452 Aecedo
473 1390 512 1450 ad
522 1409 580 1465 ea,
592 1388 623 1450 iu
638 1387 746 1470 quibus
759 1403 878 1452 secutus
890 1410 958 1452 eum
968 1389 1163 1453 librariorum
1169 1401 1368 1463 uoetrmum,

295 1517 333 1558 ac
348 1495 542 1558 vetustiorum
558 1495 744 1579 prasertim,
760 1497 978 1580 prascriptrnu.
995 1497 1178 1580 (lethumque,
1187 1519 1370 1578 rrumqrrcm,

292 1613 456 1686 tamquam,
471 1614 501 1664 et
517 1600 646 1677 similia,
663 1613 833 1664 constanter
846 1621 903 1685 per
913 1624 947 1661 m
961 1601 1094 1664 litteram
1106 1615 1174 1663 aute
1186 1625 1221 1684 q,
1234 1621 1298 1664 uon
1312 1622 1372 1685 per

296 1731 333 1784 n,
350 1708 518 1771 scribuntur
533 1708 564 1768 in
583 1706 785 1770 vetustissimo
802 1721 906 1769 nostro
928 1707 1050 1781 codice;
1070 1728 1161 1789 quern
1178 1727 1216 1769 eo
1229 1708 1373 1770 libentius

295 1816 328 1877 in
339 1816 463 1878 bissum
476 1827 612 1891 secutus,
625 1814 706 1895 quod
715 1827 745 1876 et
755 1812 891 1894 alioquin
904 1812 1004 1876 eidem
1018 1813 1169 1877 scribendi
1181 1814 1291 1876 ramni
1300 1815 1372 1897 ipse

296 1925 436 1986 adsuetus
449 1942 542 1984 eram.
556 1921 651 1982 Curso
667 1941 723 2005 per
735 1919 905 2004 simplicem
917 1919 1090 1982 sibilantem
1101 1919 1233 1983 efferunt
1242 1940 1370 1989 omncsa

297 2028 526 2113 quodcquidem
543 2027 640 2100 tenui,
660 2026 733 2089 licet
750 2027 825 2089 alias
839 2029 991 2111 geminam
1002 2047 1117 2111 pouerc
1129 2040 1297 2089 consuetu.
1306 2027 1374 2088 Sol·

298 2139 392 2198 licitus
409 2155 501 2208 vcro,
517 2146 547 2195 et
558 2155 623 2214 quae
635 2135 674 2194 ad
687 2133 769 2194 idem
783 2132 885 2195 thema
895 2133 1063 2217 pertinent,
1081 2132 1234 2215 geminata
1247 2134 1259 2192 l
1271 2132 1373 2194 littera

300 2261 336 2303 ex
352 2253 499 2323 perpetuo
511 2239 648 2301 codicum
662 2251 836 2300 nostrorum
849 2258 996 2302 consensu
1011 2239 1130 2323 scripsi.
1140 2237 1217 2302 Item
1227 2243 1373 2322 quoheres,

300 2348 418 2420 totiens,
435 2345 558 2406 milliens
573 2365 609 2406 cx
623 2344 802 2408 eorumdem
818 2345 964 2406 constanti
979 2345 1128 2428 scriptura
1141 2345 1292 2428 adoptavi,
1303 2347 1375 2406 Me-

302 2453 443 2525 temutes,
459 2470 519 2512 uon
529 2452 701 2524 mehercule,
717 2463 864 2534 perpetuo
877 2451 980 2512 scribit
992 2465 1134 2514 uostcra·
1142 2497 1153 2527 ,
1171 2472 1264 2532 quarn
1274 2453 1376 2537 scrip·

302 2572 402 2619 turam
412 2555 456 2616 cis
468 2555 558 2618 ctiam
570 2557 600 2616 in
612 2555 704 2631 locis,
721 2554 828 2636 quibus
837 2555 937 2618 delicit
949 2557 1057 2633 codex,
1071 2571 1188 2619 secutus
1199 2579 1275 2623 euru.
1286 2557 1375 2623 ldem

301 2664 439 2747 prendere
454 2676 484 2724 et
495 2685 610 2741 urguere
625 2661 767 2745 praeferre
783 2661 878 2738 solet,
900 2662 953 2726 ubi
969 2663 1021 2724 alii
1029 2666 1203 2745 prehendere
1217 2679 1246 2732 et
1256 2689 1354 2744 urgere
1361 2689 1375 2738 ,·

306 2771 413 2852 quibus
428 2769 567 2851 equidem
585 2768 756 2853 promiscue
770 2757 932 2841 usus'suru,
943 2766 1004 2836 Sed
1014 2771 1046 2832 iu
1056 2772 1231 2855 compositis
1241 2773 1377 2838 maxime

307 2875 408 2937 verbis
429 2896 497 2939 eam
519 2874 574 2939 inii
595 2874 762 2949 rationem,
785 2894 891 2955 qnam,
907 2874 978 2937 licet
990 2876 1159 2958 pmircriut
1171 2877 1379 2960 probatissimi

309 2981 381 3042 libri
394 2993 528 3057 veteres,
549 2993 651 3044 umen
664 2999 725 3044 uon
739 2980 878 3065 omuibus
891 2981 1053 3064 probatum
1066 2981 1104 3042 iri
1114 2983 1276 3050 lectoribus
1296 3006 1378 3067 prze-

310 3089 409 3150 video.
428 3084 550 3154 Scilicet
570 3087 601 3150 iu
625 3085 739 3163 verbis,
765 3108 832 3172 quae
852 3108 922 3150 com
944 3089 1203 3178 praepositionibus
1225 3091 1378 3154 nonnullis

345 3318 355 3348 ¹
366 3313 457 3368 nouit
468 3327 553 3368 tamen
563 3312 708 3388 hujusmodi
717 3333 772 3369 mos
780 3313 943 3370 librariorum
953 3313 1027 3370 debet
1034 3334 1041 3376 ;
1048 3314 1107 3386 quie
1114 3314 1158 3370 tati
1167 3336 1197 3372 er
1204 3315 1378 3372 etiamtiam

312 3413 498 3469 nonnunquam
508 3410 624 3472 corrupto
636 3397 735 3452 cuidam
747 3397 804 3452 loco
814 3397 940 3451 medicina
954 3418 1075 3472 perquam
1090 3399 1239 3474 probabilis,
1254 3412 1297 3452 eut
1317 3421 1379 3453 vero

313 3482 388 3534 etiam
403 3480 554 3550 cerebrimr,
573 3482 657 3536 allerri
671 3494 751 3557 potest
767 3500 774 3536 t
789 3483 860 3555 eujus
878 3483 976 3555 generis
993 3484 1104 3558 exempla
1121 3483 1228 3557 reperiet
1241 3487 1329 3538 Lector
1350 3483 1379 3536 iu

313 3569 392 3640 Epist.
402 3581 461 3632 xiv,
476 3579 500 3620 et
511 3566 580 3642 Epist
596 3581 679 3622 exxrr.

346 3655 463 3717 ²Porro,
476 3656 589 3721 vicium,
604 3657 699 3718 οιὶυω,
714 3655 845 3721 negocium
856 3653 968 3706 scribunt
981 3653 1056 3726 paule
1071 3653 1185 3727 juniores
1202 3653 1300 3708 codices
1314 3670 1381 3706 :noe

312 3757 371 3791 cnm
381 3749 476 3790 vetusto
484 3757 511 3789 a.
522 3737 630 3792 litteram
641 3748 653 3788 t
664 3736 690 3788 iu
703 3735 850 3809 hujusmodi
862 3735 963 3790 vocibus
975 3736 1110 3789 tenuimus.
1119 3735 1239 3788 Juuioees
1251 3735 1325 3798 item,
1334 3737 1380 3788 scd

313 3821 353 3874 illi
361 3835 461 3886 tamen,
471 3842 500 3874 er
510 3820 587 3873 nostri
596 3819 692 3874 codicis
699 3821 722 3872 b.
732 3819 828 3872 fimitis
837 3858 844 3885 ,
852 3822 953 3892 capud,
962 3821 1050 3880 velud,
1060 3820 1154 3889 inquid
1161 3817 1244 3870 solent
1253 3818 1380 3882 scriberet

313 3918 352 3971 et,
363 3905 417 3958 vice
432 3925 515 3970 versa,
526 3917 593 3974 aput
600 3925 645 3978 pro
658 3906 748 3972 apud:
758 3923 813 3974 quae
823 3905 958 3975 equidem,
968 3904 1004 3958 uti
1014 3925 1058 3978 par
1068 3916 1135 3970 erat,
1148 3905 1284 3976 repudiari.
1296 3905 1381 3960 Taceo

312 3990 362 4044 alie
372 4011 378 4054 ;
394 4003 419 4042 et
428 3989 454 4040 in
468 3988 507 4040 his
517 3985 693 4055 aspirationem
704 3986 791 4038 haliae
801 3999 889 4059 praeter
899 4008 996 4040 morem
1006 3999 1119 4040 nostrum
1130 3985 1271 4056 adiectam,
1284 4000 1312 4040 ut
1326 3989 1381 4042 ha-

312 4093 386 4142 reno,·
396 4074 457 4127 alias
469 4074 585 4134 omissam
596 4085 641 4138 ,ut
651 4083 724 4125 ortos
733 4091 779 4146 pro
790 4073 962 4145 terensque
973 4073 1077 4144 quidem
1087 4085 1112 4127 et
1125 4073 1177 4146 ipsa
1189 4071 1316 4142 juniorum
1327 4094 1382 4127 roa·

312 4160 366 4234 gis,
377 4179 452 4230 quam
465 4157 642 4223 vetustiorum,
654 4169 711 4210 sunt
721 4156 845 4209 codicum.
