2975 4992
340 463 407 529 510
629 462 668 527 L.
695 455 880 525 ANNAEI
903 446 1129 527 SENECAE

338 590 431 683 poris
448 602 635 673 tormenta,
656 604 691 657 ct
706 608 783 680 qum
797 610 878 655 cusu
894 586 1055 667 veniunt,
1072 601 1108 655 et
1122 608 1200 679 quse
1213 586 1402 679 potentioris

337 705 481 796 injurias
500 704 529 771 si
549 703 706 800 vincula,
723 719 759 771 et
776 701 915 779 exsilis,
934 700 974 770 et'
988 724 1091 771 venas
1106 700 1327 771 humanarum
1344 702 1404 769 for·

338 817 486 888 midines
503 820 667 887 mentium
686 815 963 899 secernimus,
984 832 1019 887 et
1037 816 1144 885 dieite

522 996 717 1013 ...........
731 960 791 1013 Nun
806 957 861 1012 utta
872 958 988 1013 lebetum
1000 998 1007 1027 ‚

518 1046 543 1097 Ο
552 1043 643 1118 virgo,
657 1063 725 1098 nova
734 1044 772 1097 mi
783 1044 860 1099 iscius
873 1044 1011 1119 inopinave
1019 1044 1116 1117 surgit:

519 1128 615 1181 Omnis
626 1129 748 1205 precepi,
763 1142 837 1199 etque
848 1129 936 1182 animo
951 1148 1051 1182 mecum
1062 1142 1120 1182 ants
1132 1128 1220 1203 peregi
1228 1131 1246 1178 ¹.

279 1275 312 1328 ,5
340 1280 357 1317 u
377 1254 434 1321 Tu
452 1251 557 1323 bodie
568 1255 632 1322 ists
648 1252 850 1339 denuntiss3
867 1277 932 1347 ego
946 1278 1081 1347 semper
1095 1254 1297 1323 denuntiavi
1310 1250 1404 1335 mibi,

337 1387 372 1437 et
386 1370 561 1441 hominem
577 1372 695 1465 paravi
708 1369 754 1439 ad
770 1370 932 1441 humens.
953 1399 969 1435 u
987 1372 1198 1465 Praecogitsti
1213 1370 1293 1439 mali
1307 1370 1408 1439 mollis

337 1488 424 1555 ictus
436 1488 542 1555 vcnit.
565 1487 611 1554 At
629 1488 741 1556 stultis
756 1504 789 1555 et
806 1487 950 1557 fortunae
964 1485 1185 1557 credentibus
1197 1488 1308 1556 omnis
1322 1485 1410 1555 vide·

336 1618 394 1671 tur
417 1626 505 1671 nova
529 1628 647 1673 renum
668 1620 703 1673 ct
718 1604 896 1697 inopinata
916 1604 1045 1673 facies:
1067 1626 1187 1695 magna
1206 1618 1322 1671 autem
1337 1625 1410 1695 pars

338 1733 390 1785 est
406 1716 498 1812 apud
517 1720 693 1811 imperitos
712 1719 814 1804 maii,
836 1721 980 1789 novitas.
999 1722 1073 1787 Hoc
1091 1734 1128 1787 ut
1151 1720 1257 1799 scias,
1280 1740 1320 1787 es
1340 1740 1411 1809 quse

337 1851 543 1929 putaverunt
558 1859 698 1929 aspera,
717 1836 838 1905 fortius
849 1842 876 1919 ²,
889 1860 994 1929 quum
1008 1859 1206 1919 assuevere,
1223 1836 1409 1928 patiuntur.

336 1949 418 2019 ldeo
444 1953 588 2045 Sapiens
614 1955 778 2021 assuescit
806 1953 931 2021 suturis
956 1952 1069 2039 malis3
1090 1968 1142 2037 et,
1174 1975 1251 2045 quae
1275 1952 1336 2020 alii
1358 1951 1414 2021 diu

337 2068 497 2162 patiendo
513 2069 602 2137 levis
620 2069 767 2151 fuciunt,
785 2070 843 2139 hic
855 2069 945 2138 levia
963 2070 1044 2141 fecit
1059 2068 1121 2137 diu
1133 2068 1332 2162 cogitando.
1349 2071 1415 2137 Au-

336 2183 449 2251 dimus
458 2182 642 2275 sliqusndo
656 2208 757 2253 voces
771 2186 1026 2279 imperitorum,
1041 2186 1249 2255 dicentium:
1262 2186 1415 2255 Sciebam

337 2301 405 2368 hoc
432 2300 513 2367 mibi
528 2292 715 2369 nestane³i³
742 2302 886 2395 Sapiens
912 2302 997 2385 scit,
1027 2302 1095 2371 sibi
1120 2302 1235 2371 omnia
1263 2318 1416 2389 restnre3

341 2415 512 2510 quidquid
529 2417 652 2485 factum
670 2433 740 2500 est,
762 2416 872 2487 dicit:
893 2418 1055 2493 sciebam.
1076 2418 1172 2487 Vale.

377 2653 397 2686 1.
420 2630 522 2705 Penei,
538 2635 633 2687 Versus
651 2646 710 2688 sunt
724 2634 852 2707 Virgilii,
902 2636 980 2689 Recte
993 2636 1108 2689 tuebatur
1120 2634 1258 2691 Pincianus
1274 2636 1345 2691 bunc
1362 2657 1422 2690 om-

332 2712 405 2785 ¹sliu.
418 2712 469 2778 Vl,
488 2712 544 2765 103.
901 2714 974 2767 nium
993 2714 1075 2767 Csdd.
1092 2728 1117 2768 et
1132 2714 1192 2767 edit.
1212 2728 1271 2769 ante
1287 2717 1420 2769 Muretum

374 2788 853 2860 n.Fcr!iusdederevett.libriomnes.
901 2792 1045 2845 lectionem.
1064 2792 1219 2847 Nesciebam
1239 2794 1361 2847 Muretus
1379 2794 1423 2847 in-

340 2881 515 2942 excepta-uns
537 2868 577 2921 ed.
598 2870 633 2922 R.
657 2888 735 2939 qnam
753 2879 852 2920 secutus
902 2870 973 2922 duxit
990 2868 1018 2923 in
1035 2883 1145 2935 textum,
1158 2870 1257 2923 sublata
1270 2871 1423 2945 interregn-

342 2948 439 2999 lirnsm.
449 2946 573 2999 deleverat
582 2966 669 2998 vocem
677 2968 684 3012 3
693 2947 762 2999 unde
771 2944 856 3001 abent
904 2948 982 3001 tionis
995 2959 1054 3001 nota
1065 2987 1072 3013 ‚
1086 2948 1129 3020 qni
1138 2947 1254 3021 legisset,
1264 2950 1423 3002 pincianum

343 3024 422 3095 vulgo
432 3024 514 3077 editis·
525 3022 606 3077 Scbw.
904 3024 932 3077 in
942 3024 1112 3097 quorumdum
1124 3024 1207 3078 codd.
1218 3026 1343 3101 margine
1356 3040 1424 3081 nota·

380 3099 405 3153 ³.
429 3101 550 3155 Sciebam
572 3102 618 3155 boc
641 3101 710 3155 mibi
732 3104 854 3157 nisan?
903 3115 956 3154 tum
970 3103 1164 3158 hoeinvenissc.
1181 3104 1273 3160 fluns.
