2975 4992
408 454 674 527 muscosa
698 456 808 527 ω.
1086 474 1150 550 129

99 594 225 678 lunus¹,
248 592 427 663 videamur
440 612 538 685 posse
556 588 706 659 calcari:
736 589 851 659 multis
872 586 1014 659 timendi
1035 592 1150 661 sttulit

99 734 215 789 causas,
236 709 348 777 timeri
362 730 476 802 posse.
491 704 652 799 Undique
667 728 728 775 nos
747 704 950 777 reducamus
967 732 976 775 ι
1001 730 1071 777 non
1084 710 1151 777 mi·

98 852 149 896 nus
164 826 356 910 contemni,
372 848 477 919 quem
496 820 641 915 euspici,
662 838 774 893 nocet.

136 940 182 1011 dd
198 938 451 1035 philosophiam
466 962 548 1031 ergo
562 936 828 1032 confugiendum
844 954 897 1007 est
913 964 921 1005 :
938 939 991 1007 lue
1005 940 1149 1023 littera,
1180 988 1211 1025 ω

98 1083 153 1127 non
167 1056 241 1127 dioo
253 1055 349 1151 apud
366 1056 499 1137 bonos,
524 1052 585 1123 sed
602 1053 695 1149 apud
716 1053 935 1123 mediocriter
951 1054 1077 1139 malos,
1093 1057 1154 1124 in-

98 1172 226 1239 lnhrum
237 1170 313 1239 loco
325 1185 406 1237 sunt
415 1173 443 1235 ².
455 1169 542 1235 Nem
556 1166 921 1260 lorensiscloquentia,
935 1182 1153 1261 etquaecum·

97 1313 151 1382 que
164 1288 227 1357 alia
239 1286 407 1381 populum
417 1275 563 1366 moreti,
574 1284 787 1354 adversarios
796 1284 901 1355 hahet
912 1312 920 1352 ε
932 1286 1019 1368 boec,
1035 1287 1153 1379 quieta

97 1405 176 1471 etuti
187 1403 342 1497 negotii,
359 1402 531 1471 contemni
544 1424 613 1469 non
625 1416 735 1494 potest
748 1429 758 1487 ς
773 1402 830 1469 cui
843 1400 889 1469 sb
901 1400 1059 1470 omnibus
1072 1404 1157 1471 arti-

97 1514 148 1587 bus
159 1514 185 1601 ⁴,
202 1522 309 1589 ctiam
321 1518 416 1613 apud
428 1518 613 1611 pessimos,
636 1516 746 1585 honor
758 1530 823 1587 est.
839 1520 1021 1610 Nunquam
1034 1518 1072 1585 in
1085 1533 1158 1585 ton⁴

98 1650 154 1701 tum
168 1633 385 1703 convalescet
411 1633 586 1725 nequitis,
613 1656 788 1725 nunquam
808 1634 858 1701 sic
876 1646 994 1701 contra
1011 1634 1158 1703 virtutes

95 1746 339 1839 communitur,
367 1760 406 1813 ut
428 1768 498 1813 non
518 1743 742 1839 philosophie
763 1768 889 1814 nomen
910 1746 1107 1815 venerabile
1123 1762 1158 1815 et

94 1888 208 1932 suerum
244 1878 396 1931 maneat.
430 1862 598 1930 Ceterum
629 1860 846 1955 philosophia
872 1862 947 1955 ipsa
972 1863 1157 1953 tranquille
1185 1910 1223 1953 ,ι

95 1980 300 2072 modesteque
312 1976 489 2047 tracunds
502 1990 564 2045 eat.
573 2014 614 2029 -
627 1976 724 2069 Quid
736 2002 821 2071 ergo
833 1978 988 2071 linquis,
1007 1969 1158 2048 ⁵videtur

94 2096 145 2163 tibi
160 2098 302 2165 Marcus
318 2088 427 2165 Cato‘
446 2090 596 2161 modeste
612 2090 872 2186 philosophari,
889 2094 949 2185 qui
962 2092 1091 2161 bellum
1107 2096 1159 2161 ci·

93 2212 147 2281 vile
165 2214 339 2283 sententia
364 2234 425 2280 suu
450 2210 638 2303 reprimit?
660 2210 720 2302 qui
752 2208 937 2279 iuremium
963 2211 1158 2305 principum

93 2330 179 2397 armis
196 2328 339 2399 medius
355 2326 569 2395 intervenit?
585 2326 646 2418 qui
665 2324 742 2395 aliis
763 2327 961 2419 Pompeium
974 2326 1157 2397 ostenden·

93 2444 166 2513 tibus
179 2494 189 2526 ‚
204 2445 289 2513 aliis
304 2444 494 2524 Curarem,
513 2440 613 2510 simul
627 2440 763 2511 horruit
778 2442 892 2511 duos?
907 2480 947 2495 -
970 2446 1083 2513 Potest
1095 2446 1160 2513 ali·

92 2562 153 2651 quis
165 2559 359 2654 disputare,
376 2580 421 2625 an
436 2555 495 2625 illo
508 2556 659 2650 te'mpore
675 2557 883 2650 capessenda
897 2558 999 2628 luerit
1011 2560 1156 2653 sapienti

91 2677 285 2770 respublica.
297 2672 396 2769 Quid
405 2674 467 2742 tibi
479 2674 550 2759 vis,
562 2674 678 2744 Marce
692 2675 776 2743 Ceto
789 2675 804 2741 i
812 2674 884 2767 jam
901 2699 970 2744 non
981 2676 1097 2770 agitur
1111 2674 1156 2744 de

91 2790 255 2879 libertate3
282 2791 363 2859 olim
377 2787 594 2883 pessumdata
609 2782 678 2857 est!
696 2789 864 2880 queritur
884 2804 999 2857 utrum
1022 2790 1154 2875 Cesar,

89 2926 124 2971 an
134 2906 322 2999 Pompeius
339 2903 511 2997 possideat
528 2900 786 2995 rempublicnm.
803 2900 899 2993 Quid
917 2902 980 2970 tibi
997 2926 1075 2971 cum
1092 2905 1157 2973 ista
1183 2967 1194 3002 1

89 3022 322 3091 contentione?
339 3018 441 3087 nullm
466 3034 579 3113 partes
598 3034 665 3087 tum
683 3033 776 3087 sunt.
799 3018 965 3089 Dominus
981 3020 1121 3115 eligitur
1142 3048 1151 3089 ε

91 3287 110 3327 et
127 3275 264 3347 tranquille
292 3272 455 3345 modesteque
482 3272 596 3347 pbiloso-
644 3270 862 3327 inviolabilescl'.
873 3275 906 3328 sd
917 3274 1154 3344 Helvismxllm.

93 3351 164 3424 plistu
176 3364 281 3406 unctes.
291 3350 382 3403 Ruth.
643 3348 736 3423 nult

115 3449 133 3483 1.
147 3432 220 3485 Dum
241 3432 352 3484 colem
369 3432 499 3483 nolumus.
512 3426 594 3481 Unice
676 3427 700 3481 3.
717 3428 818 3492 Mouet,
835 3432 999 3485 adversarior
1015 3432 1153 3508 habedic

88 3528 134 3561 ren
147 3506 210 3562 milri
228 3510 290 3562 visa
304 3507 406 3561 esther
420 3508 558 3581 scriptura,
579 3526 594 3561 ι
643 3504 713 3557 mati
732 3518 756 3557 et
775 3506 898 3560 editiones
919 3522 977 3561 vett.
995 3509 1081 3585 Vulgo
1099 3530 1154 3563 mo·

88 3588 160 3641 llodio
183 3588 292 3663 pridem
313 3584 506 3647 commendata,
530 3596 555 3637 et
577 3602 591 3635 s
643 3584 908 3647 tenoadvmarium
917 3575 1109 3643 demoror.

88 3662 185 3719 Gmnov.
196 3676 321 3738 recepte,
332 3684 409 3735 quem
423 3663 537 3717 eamdent
551 3680 592 3715 ex·
672 3662 697 3729 4.
713 3663 759 3715 Ab
776 3666 896 3719 omnibus
906 3667 1026 3720 amous.-
1037 3666 1153 3740 philoso-

88 3744 144 3799 liter
152 3760 238 3799 noster
250 3746 321 3814 Arg.
329 3744 353 3797 b.
364 3738 525 3811 liahkopfius
534 3745 591 3795 eal-
639 3738 704 3811 phin
713 3739 921 3815 honorest,quis
927 3744 997 3797 nulls
1003 3763 1050 3798 ors
1059 3745 1153 3813 (immo

86 3827 130 3875 cerr·
143 3824 238 3890 uenit,
260 3822 384 3875 nullane
405 3833 465 3875 note
486 3820 590 3893 quidem
637 3816 1086 3896 seientia)‚eaesrerepotest1lulsl.

88 3902 176 3971 adpetes.
187 3902 277 3955 Seleu.
674 3894 697 3947 5.
719 3898 837 3952 Vsidetrsr.
846 3899 980 3974 Perpetem
989 3900 1068 3976 vulgo
1081 3903 1153 3957 wile·

114 4000 132 4029 2.
147 3980 306 4049 lisnlnmm
315 3978 371 4031 loeo
381 3982 453 4030 sunt.
465 3974 592 4048 Dignits-
639 3970 715 4031 bitur.
724 3974 807 4031 Sele.

87 4068 159 4110 temet
168 4058 333 4127 securitatem
354 4068 473 4132 prestent
484 4073 490 4108 ε
503 4075 592 4109 omnes
676 4053 701 4106 li.
718 4054 829 4109 Mamm
843 4057 918 4111 caso.
938 4054 980 4109 De
996 4056 1035 4109 Μ.
1053 4056 1151 4113 Getone

87 4137 164 4213 quippe
180 4138 258 4193 saeris
274 4136 350 4191 rebus
372 4154 478 4209 operum
502 4131 592 4189 dantes
641 4134 755 4189 Uticensi
767 4133 854 4187 omnis
868 4135 1151 4192 notarunt.Ci.temea

87 4230 171 4289 propter
182 4216 276 4269 infulas
288 4235 354 4289 quas
366 4225 476 4290 gerunt,
493 4212 556 4267 sacri
569 4224 593 4267 et
642 4208 673 4273 de
685 4232 716 4265 eo
727 4210 772 4265 lib.
784 4212 815 4266 ds
830 4210 960 4265 Canem
979 4210 1039 4285 Sap.
1051 4233 1108 4288 cap.
1125 4216 1151 4282 l,

208 4316 269 4385 111.
995 4332 1020 4402 9
