2975 4992
361 465 633 535 EPISTOLA
655 463 902 536 XXXVIII.
1097 471 1163 537 255

88 599 342 667 familiaritatis.
360 597 580 693 Philosophia
597 595 725 668 bonum
748 599 926 668 consilium
951 613 1023 686 est;
1050 597 1164 668 cousi-

85 717 173 784 lium
188 739 287 784 nemo
300 714 392 783 clare
406 713 465 782 dat
474 719 500 782 ¹.
517 713 713 807 Aliquando
727 714 892 784 utendum
907 731 959 786 est
971 731 1007 785 et
1019 715 1108 800 illis,
1126 731 1165 785 ut

87 835 137 900 ita
160 830 293 913 dinem,
312 829 556 915 oonoionibus,
579 823 666 914 ubi,
684 832 743 925 qni
764 829 917 916 dubitat,
938 832 1164 926 impellendus
1212 877 1217 887 ·

88 962 143 1015 est
159 945 339 1030 subluere
353 968 422 1014 non
436 944 503 1015 hoe
513 943 683 1040 agendum
697 962 771 1030 est,
787 961 826 1015 ut
841 947 924 1017 velit
937 945 1089 1034 discere,
1103 947 1163 1016 sed

87 1085 128 1137 ut
146 1067 276 1151 discat,
292 1067 338 1136 ad
355 1068 430 1137 baec
443 1067 660 1137 submissiora
675 1068 780 1163 rerba
799 1067 1005 1138 veniendum
1021 1085 1083 1138 est.
1100 1071 1165 1139 Fa-

87 1185 194 1252 cilius
211 1187 340 1253 intmnt
354 1199 389 1252 et
404 1183 554 1252 haerent²
574 1210 583 1250 ε
599 1207 664 1253 neo
679 1185 772 1254 enim
786 1180 902 1256 multis
915 1209 1000 1282 opus
1013 1204 1086 1272 est,
1104 1185 1165 1257 sed

88 1299 304 1368 effioacibus.
322 1299 467 1368 Seminis
484 1296 583 1366 modo
596 1297 787 1392 spargenda
800 1316 901 1388 sunt,
918 1301 1033 1394 quod,
1049 1324 1166 1394 quom
1180 1328 1206 1372 '2

87 1414 145 1481 vis
157 1413 203 1482 sit
219 1414 399 1504 exiguum,
419 1434 524 1502 quum
543 1412 721 1504 occuparit
740 1409 900 1482 idoneum
917 1412 1049 1497 locum,
1074 1415 1165 1482 vires

90 1553 172 1598 suas
191 1529 358 1622 explicat,
381 1543 417 1596 et
434 1552 475 1595 ex
493 1527 632 1596 minimo
651 1527 688 1595 in
707 1529 869 1597 maximos
881 1523 1023 1618 auctus³
1038 1529 1164 1601 diffun-

90 1648 201 1716 ditur.
229 1645 323 1714 Idem
343 1644 425 1713 tacit
447 1639 561 1712 rstio⁴
585 1669 593 1712 ι
617 1667 688 1713 non
711 1646 780 1715 late
807 1661 923 1740 patet,
943 1647 972 1716 si
994 1648 1163 1740 aspicias,

92 1763 130 1828 in
155 1782 261 1854 opere
286 1759 420 1826 erescit.
446 1760 557 1827 Psuea
584 1773 664 1824 sunt
680 1781 756 1852 quae
773 1757 957 1847 dieuntnr3
982 1759 1043 1829 se'd
1060 1763 1088 1829 si
1107 1761 1167 1829 illa

92 1878 229 1947 animus
243 1875 333 1944 bene
353 1874 542 1968 exceperit,
563 1871 854 1944 convalescentes
876 1892 1074 1970 exsurgunt.
1099 1879 1165 1946 Ea-

94 1992 176 2061 dem
186 2006 250 2073 est,
265 1991 405 2082 inquam
418 2037 428 2073 ,
440 2003 691 2083 praeoeptorurn
702 1989 871 2076 conditio,
887 2015 963 2084 quae
976 1993 1142 2060 seminum
1155 2018 1163 2058 :

94 2108 240 2178 multum
257 2107 428 2190 efficiunt,
451 2106 515 2175 etsi
533 2122 675 2200 angusta
696 2123 775 2176 sunt
786 2100 812 2193 ⁵,
836 2123 991 2194 tuntum,
1012 2124 1051 2176 ut
1068 2108 1165 2193 dixi,

93 2224 221 2292 idonee
238 2243 333 2289 mens
345 2214 476 2314 rapiat‘
490 2217 549 2288 illa
562 2232 603 2289 et'
612 2222 648 2289 in
663 2245 701 2291 se
714 2222 839 2314 trabat.
853 2224 960 2293 Multa
976 2224 1122 2293 invicem
1134 2239 1170 2292 et

95 2345 172 2436 ipsa
191 2336 394 2434 generabit,
413 2353 447 2406 et
467 2335 545 2432 plus
563 2335 706 2423 reddet,
731 2363 833 2433 quam
852 2342 1035 2436 acceperit.
1054 2341 1151 2411 Vale.

132 2550 155 2582 s.
168 2529 253 2584 Clare.
273 2527 318 2582 sie
335 2528 435 2582 Ensm.
451 2539 475 2580 et
486 2527 527 2580 ed.
539 2539 610 2580 retus
661 2527 716 2597 167,
725 2528 783 2582 326.
795 2531 875 2584 Antea
883 2539 979 2598 :actus,
987 2529 1004 2582 i.
1014 2548 1037 2582 e.
1049 2529 1167 2601 spatium,

97 2629 158 2662 enm
166 2603 609 2677 omnibmscriptis.b1nretnstemen
659 2606 727 2677 quod
746 2605 773 2658 in
790 2606 856 2678 agris
874 2619 927 2674 est,
948 2607 1164 2680 agrimensommr

97 2685 376 2754 mntsvit,utvidetnr,
387 2703 415 2738 ss
423 2683 528 2755 ingenio
537 2701 613 2739 teon·
659 2684 692 2735 nt.
701 2682 838 2738 Columell.
849 2685 882 2748 V,
897 2704 907 2736 ι
919 2725 926 2749 ,
936 2687 1049 2740 etVsrro
1059 2685 1090 2738 de
1097 2686 1129 2740 ll.
1136 2686 1168 2739 ll.

98 2767 191 2818 ss'lsism
197 2765 394 2818 nemoelamore
401 2765 457 2828 dat,
466 2782 520 2815 non
531 2761 608 2828 male,
659 2762 715 2827 111,
730 2782 757 2814 ιι
771 2772 832 2816 ertr.
843 2765 872 2828 1,
889 2783 926 2815 ro.
938 2761 1027 2816 Rutt.

97 2842 184 2914 jndice
199 2841 293 2916 lipsio.
302 2841 353 2895 Sed
363 2839 474 2914 Vulgsts
485 2839 550 2892 bene
561 2838 609 2892 bs·
690 2839 817 2906 titurio.
830 2839 979 2895 steteram.
992 2839 1166 2905 editiorem,

98 2919 159 2984 bet,
170 2917 188 2972 ἰ
205 2939 227 2972 e.
239 2915 308 2972 elsra
319 2929 345 2972 et
356 2916 421 2970 elsts
434 2935 497 2970 voce
507 2933 523 2983 3:
540 2916 610 2988 eujus
659 2916 714 2970 eod.
722 2915 779 2970 Col.
787 2915 892 2988 aliique.
900 2920 985 2972 Recte.
997 2917 1064 2972 Nem
1076 2919 1108 2972 de
1114 2917 1170 2992 pbl-

98 3017 162 3052 nsus
184 2997 308 3069 loquendi
332 2996 444 3069 exempla
466 3006 527 3048 note
546 3007 612 3047 sunt.
661 2992 775 3068 losopbia
786 3013 868 3048 sermo
879 3007 999 3066 est,qute
1011 2995 1138 3048 interdurn
1146 3010 1169 3050 et
1190 3045 1193 3054 .

101 3081 166 3132 Mox
174 3079 275 3150 seponit
282 3081 388 3131 Noster:
397 3075 614 3130 edboeesubms's·
661 3073 725 3128 rstis
738 3073 806 3148 apud
815 3075 936 3127 Nostrum
943 3087 1062 3141 voestnr,
1077 3095 1099 3128 e.
1112 3095 1133 3128 e.
1142 3075 1169 3127 in

101 3161 175 3211 elom
185 3155 266 3209 verda
277 3157 433 3208 mmmm
445 3164 492 3208 est.
504 3152 596 3205 Ruth.
660 3153 741 3227 Epist.
752 3153 883 3226 superiori.
900 3153 983 3208 Penes
994 3155 1038 3207 sed
1059 3151 1170 3208 elbescia

135 3255 160 3287 s.
168 3231 316 3289 Ellam.
329 3231 371 3285 Sir
383 3230 495 3306 Palatini
505 3241 628 3306 quatuor,
659 3234 738 3286 verbs
749 3235 822 3287 sliert
833 3273 841 3299 ,
853 3232 987 3307 dispntstio
997 3244 1080 3286 autern
1089 3232 1169 3286 multa
1209 3259 1214 3272 ·

100 3304 141 3388 sp.
147 3313 252 3366 Grmer.
260 3324 284 3364 et
291 3310 369 3364 editio
376 3323 455 3363 vetos.
465 3311 499 3362 As
506 3307 612 3362 membr.
661 3325 726 3364 stes
744 3309 887 3365 artificiosa.
900 3314 986 3382 ltaque
1000 3328 1054 3362 non
1066 3309 1170 3362 admitto

101 3391 161 3445 Col.
174 3411 213 3466 sp.
224 3391 299 3445 Grnt·
310 3401 408 3463 prestat
417 3391 518 3442 intrent
526 3398 552 3441 et
555 3387 613 3458 sor·
662 3387 812 3442 Pineisnum
835 3391 1023 3460 Gruterumque
1043 3409 1072 3440 er
1096 3387 1170 3440 redd

100 3473 156 3524 ts‘us
166 3468 286 3536 bum,
299 3468 341 3522 cni
352 3466 456 3522 lectioni
466 3468 534 3520 iavet
545 3465 614 3518 Gru·
662 3467 793 3522 nonnullis
801 3471 870 3522 idem
878 3471 948 3538 facit
955 3473 1041 3522 orntsb
1048 3466 1123 3520 scribi
1133 3467 1171 3539 ju·

52 3585 56 3590 -
100 3563 148 3603 ter.
158 3547 247 3622 legens
264 3550 333 3600 :sed
341 3556 368 3600 et
383 3545 408 3597 lt.
421 3545 556 3597 Erasmus:
569 3543 618 3596 sed
663 3545 758 3600 bentes.
771 3545 861 3602 Rvet.

102 3629 127 3682 b.
140 3624 194 3679 Sed
207 3643 253 3680 tur
263 3645 278 3678 a
289 3625 373 3696 priore
380 3623 489 3678 lectione
502 3621 616 3675 discede·
697 3625 786 3679 &Eut
789 3637 976 3696 augustaeum,
986 3627 1001 3680 i.
1009 3649 1031 3680 e.
1038 3625 1128 3699 quibus
1135 3647 1172 3681 or

101 3729 174 3774 nm,
189 3725 244 3759 non
256 3706 382 3779 pervideo.
396 3703 486 3757 nult.
664 3715 738 3757 nstus
750 3715 773 3757 et
782 3703 901 3777 splendor
911 3703 1061 3777 eloquentie
1072 3707 1171 3770 desunt,

136 3789 162 3843 3.
172 3788 284 3839 Auctor.
294 3783 400 3856 Recepit
410 3782 509 3835 Gruter.
521 3801 552 3834 ex
564 3779 616 3832 tri·
664 3782 852 3847 submissiora,
873 3781 888 3850 ς
907 3801 935 3845 ι,
958 3782 1045 3847 erilis,
1066 3783 1150 3836 tennis
1163 3824 1170 3849 ,

98 3866 151 3920 bus
161 3863 240 3919 codd.
257 3862 326 3928 suis,
339 3859 507 3934 adstipulante
525 3857 616 3911 Modio
665 3863 743 3930 ἰσχνά.
760 3859 799 3912 Cs.
818 3860 918 3914 Ernesti
930 3861 1039 3914 beriton
1050 3861 1171 3915 Teobnol.

103 3945 171 3998 Nor.
183 3943 252 3995 beet
265 3941 312 4012 Ep.
324 3955 382 3993 ω.
396 3940 520 3992 Gruterus
530 3937 618 3992 landet
665 3938 719 3991 Lst
731 3937 795 3993 rhet
812 3956 875 3992 rore
888 3941 1043 4011 :Angustus
1055 3951 1079 3992 et
1089 3939 1173 3993 Sum-

103 4021 256 4089 tumult,
274 4038 350 4084 rtet,
364 4017 492 4070 «bilerem
504 4016 619 4089 grande·
666 4019 773 4072 missus.
784 4017 874 4071 fluet.

103 4121 173 4155 erere
182 4099 215 4154 sd
222 4111 333 4161 suetum,
343 4119 357 4145 ι
365 4097 410 4151 ubi
421 4095 619 4150 euseb-hebete
699 4096 724 4149 b.
735 4094 847 4164 Rapiat.
857 4093 954 4164 captas
962 4096 1084 4170 reperitur
1095 4097 1122 4150 ln
1133 4096 1173 4150 ed.

104 4177 213 4232 «hilaro
222 4197 260 4252 gr.
271 4177 401 4230 adsueto.»
411 4175 528 4229 Occurrit
535 4187 620 4227 tsmen
669 4175 704 4226 A.
715 4184 740 4224 et
750 4173 779 4224 in
789 4174 950 4244 essequod
968 4175 1096 4230 nerninem
1113 4195 1174 4230 sno-

105 4253 620 4328 aueussrborissp.mnlem1.uersr.vt,
668 4270 727 4304 rere
736 4249 818 4304 debet.
827 4249 856 4304 S.
