2975 4992
372 474 625 550 nrrsronn
648 477 834 549 cxxxi.
1072 436 1141 568 sm

77 609 267 678 vestimenta
282 607 541 690 venalibus,²ne
556 632 624 700 qua
640 609 721 677 vitia
739 595 892 702 corporis
909 607 1058 678 lateant:
1075 611 1141 680 ho·

78 728 192 794 minem
205 723 395 794 involutum
408 725 574 793 aestimas?
583 727 789 818 Mangones,
805 722 974 817 quidquid
985 726 1140 820 estquod
1164 764 1181 813 ς,

78 819 270 935 displiceat,
296 840 411 932 aliquo
437 841 607 909 lenocinio
632 839 864 927 abscondunt,
890 843 1005 934 itaque
1017 867 1140 914 ¹emen·
1193 821 1197 830 Ι

77 957 159 1024 tibus
172 967 372 1023 ornamenta
385 955 458 1048 ipsa
474 972 628 1050 suspecta
645 971 724 1024 sunt
738 978 746 1023 :
761 957 831 1026 sive
851 981 929 1025 erus
945 945 1137 1052 diligatum,

77 1073 140 1140 sive
158 1071 338 1140 brachium
357 1073 544 1165 aspiceres,
563 1069 685 1140 nudari
699 1072 858 1166 juberes,
886 1088 920 1141 et
943 1073 1055 1166 ipsum
1076 1073 1139 1142 tibi

76 1210 192 1282 corpus
208 1187 355 1256 ostendi.
374 1186 478 1256 Vides
492 1187 588 1256 illum
602 1188 748 1280 Sophiae
766 1188 980 1257 Sarmatiaeve
998 1205 1136 1283 regem,

76 1305 194 1396 insigni
222 1305 343 1398 capitis
369 1303 554 1372 decorum?
571 1305 598 1370 si
617 1303 670 1374 uis
691 1304 787 1373 ilium
805 1307 990 1392 estimare,
1010 1322 1139 1375 totum-

76 1444 137 1511 que
149 1421 241 1489 seire
252 1419 361 1511 qualis
374 1420 430 1503 sit,
448 1419 601 1487 fasciam¹
621 1417 730 1490 solve!
753 1418 895 1490 muitum
909 1423 987 1490 muli
1001 1422 1066 1491 sub
1081 1424 1140 1492 iiie
1238 1432 1243 1448 '

75 1537 185 1605 latest
204 1535 304 1629 Quid
316 1533 359 1603 de
372 1534 448 1602 eliis
461 1534 607 1627 loquor?
623 1535 650 1603 si
665 1536 879 1630 perpendere
896 1554 930 1608 te
945 1537 1059 1624 voles,
1079 1563 1140 1609 ss-

75 1676 157 1746 pone
172 1653 377 1746 pecuniam,
396 1651 551 1733 domum,
570 1649 791 1744 dignitatem,
811 1653 903 1723 intus
920 1668 954 1722 te
970 1655 1043 1748 ipse
1057 1680 1140 1727 oon-

75 1765 194 1836 sidern.
218 1769 339 1850 Nunc,
363 1766 473 1859 qualis
491 1766 558 1850 sis,
578 1766 657 1836 aliis
670 1765 797 1839 eredis.
811 1767 908 1838 Vnde.

79 1975 499 2050 ipsum,nndum...coutempiamur
513 1987 585 2028 etc.»
633 1997 730 2054 regum.
750 1967 817 2032 Nam
845 1979 894 2034 boc
910 1999 965 2034 non
981 1980 1050 2036 aliud
1068 1995 1138 2049 crat,

79 2055 272 2108 tuith-trem
281 2053 587 2124 MacrobiuusQnemad-
633 2073 708 2126 quam
722 2056 809 2120 sarcia,
822 2067 865 2109 eut
876 2057 937 2110 vitta
945 2059 1020 2132 capiti
1031 2059 1139 2113 circnm-

74 2132 173 2186 mudurn
197 2131 288 2186 stultus
318 2144 370 2199 est,
392 2132 437 2204 qui
459 2135 586 2204 empturus
634 2131 699 2186 data.¹
712 2133 829 2200 Lr'per'es·
1079 2203 1084 2212 ι

74 2231 173 2282 quum,
191 2210 587 2286 noniprmuinspicit,aedstra·
667 2231 691 2266 a.
712 2211 829 2284 Meritum
847 2218 916 2268 malt
934 2217 983 2268 mh
999 2218 1049 2269 itta
1069 2219 1139 2272 tam.

74 2303 122 2341 tum
132 2288 188 2359 ejus
199 2302 224 2342 et
235 2290 359 2351 frenum
372 2289 407 2340 sic
423 2300 471 2354 eet,
482 2289 526 2360 qui
537 2288 582 2340 ho·
630 2290 708 2362 Regia
727 2289 865 2365 cujuspiam
878 2291 972 2344 dictum
989 2293 1021 2344 ad
1040 2294 1139 2347 muiier·

75 2368 164 2419 minem
174 2387 206 2420 ex
214 2380 298 2432 veste,
308 2367 515 2430 anteonditione,
527 2386 583 2438 qne
631 2368 713 2422 culam
726 2367 908 2422 admirantem:
919 2368 943 2420 0
955 2370 1059 2435 mniier,
1071 2371 1140 2424 hune

75 2449 145 2500 modo
162 2447 242 2501 vestis
261 2446 335 2500 uobis
354 2448 507 2502 circumdate
523 2459 578 2514 ert,
631 2465 743 2522 pannum
756 2447 828 2500 humi
843 2449 967 2518 jacentem
982 2468 1035 2502 non
1048 2449 1136 2517 tollas,

76 2523 248 2578 estimandum
257 2537 355 2598 putat.»
631 2523 726 2578 sisciae
740 2538 863 2596 quantum
874 2525 935 2578 maii
948 2525 994 2580 sub
1008 2547 1037 2580 eo
1049 2525 1136 2580 lateat!

109 2623 128 2655 r.
137 2607 273 2657 Fortium.
280 2601 300 2655 1.
312 2621 334 2656 e.
346 2602 475 2672 diadema,
485 2602 584 2674 insigne
631 2600 706 2671 Ltps.

344 2957 643 3045 EPISTOLA
673 2959 872 3046 LXXXI.
953 3017 956 3021 -

540 3193 664 3216 ..n-

108 3361 147 3400 arr
169 3357 257 3398 onera
278 3357 344 3399 asse
368 3356 511 3396 nanasuus
536 3356 566 3394 ru
588 3357 674 3396 rusum
691 3357 755 3408 our,
773 3357 919 3410 eosroonm
935 3359 1108 3401 censeremur

434 3439 633 3492 conrutsnsr,
651 3425 779 3480 nocurr?

109 3553 214 3622 Amico,
228 3555 276 3626 qui
293 3551 325 3605 de
341 3551 439 3627 ingrato
455 3549 565 3620 quodam
583 3562 682 3620 questus
697 3563 762 3612 erat,
775 3550 924 3624 respondet,
937 3551 986 3606 hoc
1000 3553 1140 3628 pericolum

80 3657 156 3708 neque
168 3637 258 3692 evitari
269 3657 355 3710 posse,
370 3654 452 3706 neque
466 3631 647 3708 defugiendum
659 3653 710 3686 esse
721 3671 728 3693 ,
740 3654 819 3704 quum
829 3635 916 3708 magni
926 3639 1027 3706 reserat,
1042 3652 1140 3711 gratum
1154 3701 1165 3713 ⁶

80 3723 203 3794 reperisse.
216 3721 276 3790 Qua
284 3719 415 3773 occasione
424 3717 635 3788 dataquaestiones
647 3717 782 3770 nonnullas
793 3718 823 3771 de
832 3719 964 3774 beneficiis
972 3722 1069 3788 dandis,
1079 3741 1141 3792 quas

65 3867 68 3870 Ι
79 3804 105 3855 in
115 3803 185 3857 libris
196 3805 227 3856 de
240 3799 369 3856 benefieiis
381 3819 432 3852 non
443 3801 509 3856 ratis,
518 3799 698 3874 explicaverat,
711 3814 849 3875 pertractat.
864 3803 1020 3877 Asprianum
1036 3805 1141 3876 quierit,

81 3906 113 3938 an
129 3897 152 3939 et
168 3886 225 3951 illi,
243 3884 288 3956 qui
303 3883 397 3956 prodiit
408 3881 497 3948 nobis,
509 3881 530 3934 si
543 3894 628 3954 postea
639 3883 767 3950 nocuerit,
782 3885 822 3940 vei
834 3886 889 3959 pius
901 3907 979 3957 quana
995 3901 1067 3941 antea
1081 3909 1140 3962 pro·

80 3971 175 4036 suerat,
187 3968 275 4040 grstiae
288 3966 426 4021 referende
437 3963 505 4018 sint?
520 3964 629 4037 Negabit
640 3985 741 4020 severus
751 3966 949 4038 iureconsultus,
964 3969 1034 4022 nulla
1046 3971 1140 4040 ¹arsirni,
1256 3993 1261 4000 ·

80 4075 131 4125 quo
142 4068 165 4108 et
176 4051 301 4107 beneficia
317 4063 341 4104 et
349 4049 448 4121 injurie
460 4059 592 4114 constant,
602 4049 700 4104 ratione
712 4050 808 4115 habim,
816 4050 863 4105 Vir
872 4052 951 4106 bonus
960 4062 1047 4106 autem
1061 4056 1142 4128 magis

80 4135 231 4190 beneficium
241 4153 317 4206 quam
327 4131 445 4205 injuriam
456 4130 597 4186 aestimabit.
608 4129 713 4203 Sapiens
722 4131 805 4198 enirn,
817 4133 858 4184 cni
867 4131 914 4185 nni
922 4147 1011 4187 notum
1021 4147 1070 4204 eet,
1080 4137 1142 4208 quid

80 4239 184 4293 quasque
195 4239 235 4274 ree
241 4217 354 4288 ideoque
365 4215 501 4270 animosius
515 4213 559 4267 tali
569 4234 596 4267 re
606 4214 724 4270 estimari
736 4214 840 4283 debent,
857 4217 964 4288 gratiam
975 4219 1021 4273 ecit
1031 4222 1139 4287 reisue,
