2975 4992
402 488 674 559 arrsroaa
697 488 849 557 Lxxr.
1096 492 1158 580 461

94 644 183 691 mum
191 620 283 689 illud
293 620 442 689 hominia
453 620 579 689 bonum
593 636 794 712 :antequam
804 620 987 714 impleatur
997 625 1022 704 ¹,
1035 623 1165 693 ineerta

93 740 218 807 mentia
234 738 399 806 volutatio
415 754 486 822 θείς
508 762 613 829 quum
637 756 717 806 vero
738 736 926 830 perlectum
941 752 1010 819 eat,
1028 739 1165 808 immota

94 853 154 924 illa
167 854 337 925 stabilitae
350 869 415 923 eat.
431 856 550 946 ltaque
565 854 744 923 inchoatae
753 858 780 936 ¹,
794 870 829 922 et
840 854 885 922 ad
897 878 1026 925 summa
1039 880 1167 949 proce-

93 972 201 1053 dent,
219 973 399 1064 cultorque
411 972 547 1039 virtutis
556 1021 567 1057 ,
583 972 685 1039 etiam
699 973 727 1040 ai
746 974 999 1066 appropinquat
1015 974 1166 1068 perfeeto

93 1089 207 1171 bono,
225 1089 287 1157 aed
301 1088 333 1155 ei
347 1085 499 1155 nondum
514 1110 677 1156 summam
693 1110 831 1155 manum
846 1087 1022 1179 impetuit3
1044 1088 1092 1156 ibi
1111 1090 1167 1156 in-

94 1208 195 1275 terim
214 1204 382 1289 cessabit,
398 1221 434 1272 et
448 1205 600 1271 remittet
610 1201 742 1293 aliquid
755 1226 796 1270 ex
809 1203 998 1271 intentione
1016 1205 1138 1272 mentia
1155 1230 1164 1271 :

93 1322 250 1391 nondam
268 1321 359 1389 enim
379 1320 511 1388 incerta
528 1333 760 1413 tranagteatua
774 1333 846 1402 eat3
863 1318 965 1385 etiam
983 1342 1075 1387 nunc
1088 1344 1167 1390 rer·
1193 1350 1222 1399 ²t

93 1452 190 1505 satur
208 1438 247 1504 in
261 1434 409 1503 lubrica.
425 1436 547 1503 Beatus
561 1455 661 1517 vero,
678 1448 713 1500 et
729 1432 865 1500 virtutis
878 1446 1019 1516 exactae,
1039 1448 1168 1527 tunc'ae

94 1554 245 1621 maxime
253 1566 361 1633 amat,
377 1574 482 1643 quum
496 1535 678 1617 fortissime
690 1562 850 1640 expertae
860 1563 930 1635 θεῖς
946 1564 981 1616 et
989 1548 1174 1630 metuenda

94 1670 247 1750 materia,
272 1669 302 1735 ai
319 1666 464 1758 alicujus
480 1664 614 1733 honeati
632 1663 738 1732 officii
756 1664 863 1755 pretia
886 1681 985 1750 aunt,
1006 1688 1076 1733 non
1094 1680 1171 1734 tan-

95 1802 167 1853 tum
200 1784 288 1867 lert,
319 1782 380 1853 aed
403 1781 631 1875 amplexatur,
662 1779 837 1871 multoque
863 1778 983 1849 audire
1010 1780 1167 1849 mavult:

97 1928 113 1964 ι
132 1903 252 1971 Tanto
264 1892 423 1982 melior³,
439 1922 541 1991 quam
554 1912 648 1967 tauto
662 1896 795 1965 felicior
803 1890 829 1965 t·
849 1923 865 1961 tt

142 2017 258 2087 Venio
271 2038 366 2085 nunc
381 2015 460 2099 illo,
482 2038 550 2107 quo
563 2038 618 2082 me
630 2026 728 2081 vocat
740 2014 944 2105 exspectatio
961 2028 1032 2081 tua.
1048 2014 1100 2081 Ne
1113 2038 1171 2083 ax·
1195 2022 1228 2073 28
1264 2046 1271 2055 ·

95 2152 149 2201 tra
164 2156 287 2201 rerum
300 2147 456 2201 naturam
469 2131 586 2224 vagari
602 2130 710 2198 virtus
723 2143 838 2197 nostra
855 2128 1027 2218 videatur,
1051 2145 1085 2198 et
1103 2146 1172 2199 tre-

96 2242 190 2317 met⁵
204 2248 370 2341 Sapiens,
389 2261 425 2315 et
437 2245 583 2327 dolebit,
604 2258 639 2311 et
653 2244 878 2337 expallescet3
895 2244 933 2313 hi
951 2246 1043 2314 enim
1055 2272 1171 2317 omnea

96 2364 253 2457 eorporis
268 2386 389 2431 aeneus
401 2377 492 2430 eunt.
509 2361 578 2431 Ubi
592 2384 677 2454 ergo
688 2361 861 2431 calamitas
873 2352 885 2397 ⁶
896 2362 912 2431 i
924 2361 984 2432 ubi
999 2362 1085 2431 illud
1098 2388 1171 2433 ma-

97 2484 166 2550 lam
181 2504 305 2549 verum
318 2480 394 2548 eet?
412 2478 488 2548 Illic
509 2478 657 2557 seilicet,
676 2479 705 2545 ai
721 2479 786 2546 ieta
799 2479 950 2547 animum
965 2479 1166 2565 detrahunt,

98 2601 126 2665 ai
144 2598 190 2666 ad
209 2597 457 2667 consemionem
473 2596 647 2663 servitutis
668 2591 863 2677 adducunt,
889 2596 918 2663 ai
933 2594 983 2663 illi
1002 2598 1171 2690 paeniten-

98 2715 179 2781 tiam
202 2713 259 2779 tui
280 2710 408 2779 iaciunt
420 2714 446 2776 ἲ.
469 2709 613 2803 Sapiens
630 2708 768 2800 quidem
789 2710 897 2778 vincit
914 2712 1040 2781 virtute
1059 2712 1169 2782 fortu-
1196 2742 1230 2796 ²9

99 2855 206 2917 nam3
234 2844 270 2896 at
294 2827 392 2897 multi
411 2826 555 2920 profesti
578 2825 784 2918 Sapientiam
812 2824 990 2896 levissimis
1012 2852 1172 2898 nonnun-

99 2974 202 3041 quam
229 2947 334 3015 minia
361 2944 512 3015 exterriti
545 2939 642 3012 tanti
670 2946 744 3011 lloc
771 2943 844 3011 loco
872 2946 992 3015 vitium
1019 2963 1172 3017 nostrum

138 3178 158 3210 t.
171 3157 327 3223 Antequam
344 3158 491 3223 impleatur.
507 3154 614 3205 Prono·
662 3153 721 3218 liar,
732 3172 779 3206 aec
788 3172 835 3223 ego
844 3154 980 3210 intellexi.»
991 3155 1122 3230 Ettipitur
1131 3178 1174 3214 ee·

99 3256 161 3288 mea
182 3236 274 3307 qaod,
300 3233 378 3303 vulga
402 3231 558 3303 praemissam
582 3228 615 3281 ab
663 3229 790 3284 clamandi
799 3232 970 3306 laudandique
980 3236 1174 3307 formulalips.

100 3314 224 3378 Emma,
235 3312 358 3385 ignorant
371 3321 429 3361 vett.
447 3309 507 3363 libri
518 3327 615 3364 omnes·
696 3312 720 3376 4.
737 3309 829 3381 Quam
841 3323 914 3367 taam
920 3314 1034 3386 felicior.
1045 3316 1087 3368 Sic
1102 3336 1175 3369 eam-

100 3392 209 3444 Adiaut
219 3403 306 3443 autem
316 3389 394 3442 iidem
405 3388 481 3461 paulo
490 3387 557 3440 intra
569 3406 616 3439 vo-
665 3388 744 3442 mode
755 3389 794 3443 ed.
809 3390 876 3443 Mur.
888 3393 1086 3465 suffragantibus
1100 3394 1175 3447 catltl.

99 3468 185 3523 calam
194 3480 240 3533 et,
249 3488 327 3539 qaam
338 3479 397 3519 ante
407 3465 484 3518 verba
493 3468 532 3517 ad
541 3483 617 3518 saar·
666 3468 763 3543 Opeap.
772 3468 926 3540 Aliivalga‚
936 3471 1133 3541 quamseliciar,
1142 3471 1174 3524 ab

99 3568 151 3599 ma
159 3548 307 3621 adjecimus.
315 3545 395 3599 Sem.
665 3546 789 3607 Emm03
801 3546 844 3599 aed
855 3556 953 3616 quanta
958 3548 1008 3615 sel.
1019 3549 1059 3602 ed·
1072 3550 1107 3602 R.
1117 3570 1174 3603 eum

142 3646 163 3680 a.
173 3627 328 3681 Imhaatas.
337 3624 382 3677 Eat
392 3624 436 3677 ille
446 3620 581 3693 proficient
592 3635 618 3675 et
664 3643 711 3676 ma.
722 3624 747 3676 b.
759 3637 783 3676 at
795 3624 849 3677 l’al.
863 3646 886 3678 a.
897 3626 977 3680 Sela.

100 3704 365 3775 eneipmmoeptas
373 3701 477 3755 formari
485 3713 508 3753 et
519 3699 614 3767 doceri,
698 3694 844 3757 SfTremet.
860 3704 990 3757 Tremebit
1007 3705 1046 3757 ed.
1065 3704 1100 3758 R.
1117 3726 1175 3759 cum

99 3782 221 3834 nondam
237 3780 336 3833 (laetae.
346 3778 463 3853 Explicat
473 3791 560 3831 moster
571 3778 617 3830 in·
667 3798 713 3831 ma.
724 3780 817 3853 Arpi).
828 3794 852 3835 et
862 3784 918 3835 Par.
929 3784 952 3835 b.
961 3783 987 3835 d.
998 3784 1110 3837 Timebit
1120 3786 1175 3838 Par.
1188 3806 1192 3814 ·
1206 3830 1211 3835 .

100 3868 145 3913 l'ra
157 3862 220 3931 §33-
231 3860 323 3911 Ruit.
667 3880 693 3911 a·
706 3858 788 3913 Scluat.

138 3939 166 3990 3.
181 3938 268 3989 Tanta
278 3940 375 3989 melior.
385 3936 427 3988 Sit
441 3935 523 4009 Epist.
536 3952 620 3987 xxxi:
701 3936 726 3989 6,
743 3932 798 3989 Ubi
807 3956 865 4007 erga
881 3939 1045 3993 calamitas?
1058 3938 1102 3993 sie
1118 3937 1176 3991 edd.

101 4042 117 4065 α
133 4017 219 4069 'fanto
236 4016 348 4079 melior,
361 4034 437 4087 turpe
451 4028 476 4067 et
490 4015 621 4087 inspira.»
670 4027 729 4066 vett.
749 4032 807 4067 eum
825 4014 972 4069 melioribus
984 4016 1073 4069 mutis.
1090 4016 1177 4089 Vulgo

99 4099 151 4149 De
161 4096 468 4169 Tnaqaillitateeapmlt:
475 4118 489 4142 α
497 4095 622 4149 Dicamus
674 4092 729 4146 Uti
737 4112 798 4163 eiga
809 4104 848 4146 est
855 4096 928 4163 origo
936 4098 1106 4148 calamitatis.
1119 4094 1148 4148 S.

100 4175 284 4235 tantalonioe
293 4186 362 4227 tenta
373 4172 494 4225 felicior.»
503 4172 622 4241 Quineti-
705 4188 728 4236 7.
742 4170 927 4225 Paenitentiam
937 4174 1098 4243 trifaciant.
1110 4174 1178 4227 Bru-

101 4250 357 4305 liaamzauntleilla
366 4250 486 4312 laudatio,
494 4262 623 4302 tantame-
671 4262 725 4301 tam
749 4248 855 4323 exempli
879 4270 952 4303 caasa
976 4252 1050 4305 atteri
1072 4251 1179 4326 Lipsius.
