2975 4992
319 438 386 531 374
612 441 652 505 L.
677 434 857 505 ANNAEI
880 434 1098 508 sENEcAE

161 578 165 595 “
264 586 293 639 ι3
317 590 419 659 agere
438 554 701 657 perseveravit¹.
722 567 859 638 Deinde
875 546 999 660 uuum,
1019 593 1179 664 represso
1199 572 1383 664 sanguine,

319 685 400 751 sicci
418 683 569 751 vulneris
590 682 688 753 dolor
709 702 899 767 cresceret,
924 701 959 754 et
981 710 1060 755 crus
1077 711 1280 780 suspensum
1303 712 1386 780 equo

319 800 481 894 paulatim
496 801 741 894 obtorpuisset,
759 818 894 872 coactus
908 802 1095 872 absistere²
1114 829 1123 870 z
1144 801 1324 885 «Omnes,
1338 806 1389 871 in-

320 919 411 1008 quit,
426 918 546 1010 jurent
561 940 634 986 esse
652 942 706 987 me
724 921 818 988 iovis
834 920 965 1003 filium,
982 920 1042 989 sed
1059 920 1184 990 vulnus
1202 922 1269 989 boe
1286 922 1388 989 bomi-

320 1058 398 1102 nem
417 1058 490 1103 esse
517 1060 570 1103 me
597 1036 730 1105 elamat.
752 1063 769 1099 n
795 1034 894 1105 Idem·
910 1060 971 1105 nos
993 1037 1174 1123 faciamus,
1201 1062 1307 1128 quum
1330 1059 1389 1131 pro

320 1178 381 1221 sua
401 1178 571 1245 quemque
589 1156 748 1248 portione
764 1152 914 1222 adulatio
931 1154 1096 1238 infatuat,
1118 1153 1269 1223 dieamus
1294 1182 1302 1223 :
1326 1156 1389 1222 Vos

321 1269 460 1363 quidem
487 1294 540 1337 me
563 1270 676 1338 dicitis
695 1270 901 1364 prudentem
927 1292 1021 1369 esse,
1042 1294 1106 1362 ego
1132 1285 1248 1367 autem*
1273 1271 1387 1353 video,

199 1372 204 1385 ⁸
265 1427 268 1437 ·
322 1377 421 1478 quam
447 1386 552 1454 multa
572 1387 707 1455 inutilia
725 1390 984 1480 concupiscam,
1013 1389 1169 1456 nocitura
1186 1404 1325 1482 optem,
1350 1413 1390 1455 ne

321 1504 387 1573 boc
399 1503 537 1596 quidem
552 1503 729 1597 intelligo,
743 1504 836 1597 quod
848 1505 1051 1576 animalibus
1065 1507 1199 1574 satietas
1211 1521 1388 1583 monstrat,

322 1620 399 1712 quis
422 1619 500 1687 cibo
528 1618 648 1688 debeat
673 1644 747 1689 esse
759 1671 770 1706 ,
801 1624 878 1712 quis
901 1624 1031 1714 potioni
1062 1622 1204 1705 modus3
1229 1638 1389 1713 quantum
1458 1621 1459 1626 ’

322 1738 477 1829 capiam,
499 1738 612 1805 adhuc
630 1740 759 1827 nescio.

269 1859 298 1922 ι4
372 1858 446 1923 Jam
460 1856 606 1936 docebo,
625 1855 910 1947 quemadmodum
928 1857 1101 1952 intelligas
1119 1874 1153 1925 te
1170 1882 1239 1925 non
1253 1879 1329 1925 esse
1345 1880 1394 1924 sa·

323 1973 486 2064 pientem.
506 1974 648 2065 Sapiens
661 1968 739 2041 ille³
757 1973 879 2068 plenus
891 1993 942 2044 est
956 1973 1104 2068 gaudio,
1118 1974 1261 2056 bilaris,
1280 1989 1315 2041 et
1326 1974 1395 2067 pla-

325 2087 441 2169 cidus,
468 2090 710 2176 inconcussus,
731 2114 808 2158 cum
828 2092 904 2161 Diis
927 2116 969 2159 ex
985 2094 1063 2186 pari
1081 2092 1178 2159 vivit.
1198 2094 1302 2161 Nunc
1326 2092 1395 2183 ipse

326 2220 360 2271 te
382 2203 533 2273 consule.
555 2204 589 2271 Si
610 2228 785 2295 nunquam
802 2220 939 2274 moestus
958 2229 1011 2287 es,
1036 2205 1130 2273 nulla
1152 2206 1396 2297 spes‘animuni

327 2338 422 2390 tunm
437 2321 543 2395 futuri
556 2323 804 2413 exspectatione
815 2321 994 2407 sollicitat,
1010 2323 1039 2389 si
1053 2344 1116 2415 per
1129 2322 1202 2389 dies
1216 2337 1398 2411 noctesque

328 2462 391 2531 par
408 2453 443 2505 et
459 2436 597 2529 aequalis
615 2438 718 2505 animi
744 2454 842 2506 tenor
865 2438 970 2507 erecti
996 2453 1031 2507 et
1050 2438 1217 2530 placentis
1234 2438 1303 2506 sibi
1325 2454 1373 2504 est
1388 2466 1396 2519 ς

275 2564 303 2613 ¹5
330 2556 516 2649 pervenisti
534 2554 579 2622 ad
596 2556 735 2622 humani
754 2555 834 2622 boni
855 2580 1031 2623 summam.
1050 2555 1118 2624 Sed
1136 2557 1164 2623 si
1191 2557 1327 2648 appetis
1343 2578 1402 2621 vo-

331 2672 497 2765 luptates,
520 2687 555 2739 ct
577 2670 749 2764 undique,
776 2688 810 2740 et
835 2696 973 2758 omnes,
998 2673 1102 2755 scito,
1123 2687 1255 2756 tantum
1276 2670 1341 2740 tibi
1362 2695 1400 2739 es

332 2789 512 2883 sapientia,
529 2804 692 2881 quantum
706 2812 746 2855 ex
761 2787 906 2881 gaudio,
921 2788 1052 2857 deesse.
1067 2787 1122 2857 Ad
1134 2788 1199 2856 boc
1213 2790 1315 2882 cupis
1328 2812 1403 2880 per·

333 2906 474 2991 venire,
503 2902 563 2972 sed
588 2928 701 2990 erras,
727 2903 788 2996 qui
805 2906 895 2973 inter
910 2904 1049 2981 divitias
1065 2903 1148 2973 illuc
1172 2920 1205 2971 te
1221 2921 1402 2972 venturum

334 3044 406 3089 esse
421 3045 536 3114 speras
545 3072 556 3107 ,
574 3023 664 3089 inter
674 3017 842 3090 bonoces⁴
858 3021 1039 3115 gandium,
1056 3023 1145 3089 inter
1158 3020 1406 3090 sollicitudines

373 3281 393 3313 ι.
408 3262 460 3312 litu
470 3261 604 3329 persedere
612 3269 637 3311 et
649 3264 760 3327 inempta
771 3278 846 3328 opere
894 3261 1001 3330 quidem
1012 3257 1089 3310 Joris
1096 3259 1192 3328 filium
1201 3260 1271 3321 diei,
1285 3259 1338 3311 sed
1350 3278 1407 3310 cor-

335 3343 512 3407 perseoeraoit.
521 3339 564 3391 Sic
571 3339 675 3391 lllodius
681 3340 846 3410 bluretusque
892 3342 963 3409 poris
973 3339 1037 3406 (εἶπ’
1043 3340 1110 3391 vitio
1120 3339 1221 3390 sentire.
1231 3336 1327 3388 mon.

338 3438 411 3471 suasu
418 3417 491 3471 codd.
497 3416 585 3470 Editio
592 3438 693 3488 quoque
701 3430 772 3471 vetus
777 3417 845 3470 baud
928 3418 952 3469 3.
962 3416 1076 3493 Sapierts
1085 3419 1232 3483 itteptenss
1239 3408 1288 3468 'est
1295 3416 1406 3484 pondis,

340 3498 448 3549 multum
468 3496 532 3560 obit,
552 3516 611 3549 nam
631 3495 728 3549 babet:
748 3500 848 3563 sagitta
895 3495 999 3549 hilaris.
1017 3494 1061 3548 Sic
1079 3495 1119 3546 ed.
1135 3494 1170 3547 lt.
1188 3514 1247 3546 enm
1260 3513 1324 3546 mss.
1338 3493 1409 3545 first.

339 3578 459 3628 diuictns
465 3576 599 3643 persedere
609 3587 654 3627 etc.
664 3574 848 3626 Erasmus:din
897 3590 922 3629 et
932 3574 997 3628 aliis,
1006 3574 1089 3629 Selin-
1097 3602 1131 3615 -
1143 3574 1228 3628 uult.
1240 3574 1325 3627 edidit
1337 3591 1345 3624 t
1360 3572 1410 3624 So·

337 3658 451 3721 perstitit
462 3658 490 3706 in
509 3672 542 3706 re.
559 3652 657 3725 Lipsius
674 3672 722 3703 em.
738 3671 849 3719 pergere.
894 3657 970 3723 piens
980 3656 1025 3706 iile
1034 3665 1072 3706 est
1079 3657 1126 3722 pei
1132 3656 1227 3722 plenus
1236 3652 1356 3721 pudeo,
1368 3650 1410 3700 lsin

342 3731 428 3785 Codex
440 3732 496 3783 Col.
506 3736 621 3802 perstitit
632 3735 676 3784 ire.
694 3730 747 3782 Sed
759 3731 850 3801 vulga·
898 3737 973 3786 teris.
984 3760 1018 3773 -
1026 3733 1139 3803 Sapiens
1152 3736 1199 3787 itte
1211 3744 1258 3785 est.
1283 3730 1359 3804 Seps
1380 3730 1411 3780 de

341 3825 394 3864 tum
416 3810 512 3863 bonum
533 3822 576 3861 est·
595 3810 717 3861 Persedit
734 3808 802 3861 enim
822 3809 851 3861 in
899 3810 948 3863 boc
959 3812 1085 3882 paradoxo
1096 3812 1175 3863 stoico
1186 3808 1356 3872 monuimus,
1368 3806 1411 3857 ssl-

341 3909 417 3958 squo.
429 3889 469 3943 Cf.
482 3901 534 3942 not.
547 3886 711 3955 superiorem.
722 3887 813 3939 notk.
899 3889 975 3941 ducto
982 3888 1102 3962 Lipsioin
1111 3880 1322 3951 Manndnctdll,
1333 3883 1414 3950 adit.

377 3958 546 4019 n.'Adsistere
555 3966 587 4017 ab
599 3964 852 4035 equoAExclamatio-
933 3965 957 4029 i
973 3968 1048 4019 Inter
1062 3967 1169 4019 datores
1183 3966 1334 4036 fuffusa,
1351 3967 1416 4015 s'rtter

343 4068 402 4101 netu
412 4046 497 4107 illam,
509 4046 597 4117 inqua
608 4044 779 4099 Alexandrum
790 4045 853 4098 vul·
902 4046 1088 4097 sollicitudines
1097 4048 1202 4116 peteris.
1213 4044 1243 4095 ln
1253 4042 1293 4095 R.
1302 4043 1340 4094 A.
1350 4060 1371 4093 e.
1380 4039 1415 4092 sit

236 4150 241 4155 ·
342 4138 457 4179 neretum
474 4123 585 4177 allusisse
598 4122 854 4197 putantadllomdl.
902 4122 1034 4190 scribitur,
1050 4122 1237 4176 internorum
1255 4122 1332 4173 idem
1344 4138 1416 4187 gou-

343 4204 383 4273 V,
397 4204 463 4269 340,
476 4201 578 4255 Curtius
594 4202 610 4253 l.
627 4200 644 4253 l.
656 4202 692 4255 sic
704 4201 807 4255 extulit:
820 4198 856 4254 Se
904 4205 992 4267 ditem,
1006 4205 1071 4254 inter
1085 4202 1164 4256 soiis'c.
1178 4212 1224 4254 ste
1235 4197 1345 4270 Vulgo,
1357 4196 1416 4249 indo
