2975 4992
240 484 251 509 .
305 421 373 507 tto.
605 424 645 491 c.
671 424 848 492 numm
872 422 1089 491 snuucn

305 548 418 619 nenda
431 566 482 619 eet
493 579 504 638 3
514 573 585 619 non
595 552 685 621 enim
697 554 814 621 vivere
825 551 953 621 bouum
964 566 1016 619 eet
1030 556 1054 633 ¹,
1067 549 1128 619 eed
1139 550 1230 621 bene
1243 553 1374 621 virere.

256 646 306 775 [ἶ
305 645 425 760 ltaque
436 668 578 762 Sapiens
586 670 673 738 vivit
686 685 849 762 quantum
860 667 982 755 debet,
997 692 1067 737 non
1076 650 1375 763 qt'soniuffipoteet.

261 782 278 848 l
305 784 460 869 Videbit,
482 784 543 853 ubi
566 787 719 859 victurus
735 788 798 871 eit,
818 812 895 864 cum
914 785 1060 879 quibus,
1082 784 1274 879 quomodo,
1294 788 1379 879 quid

304 918 441 986 acturus
459 929 467 969 ε
486 904 611 997 cogitat
630 926 776 996 semper,
797 902 907 995 qualia
924 903 1015 984 vita,
1034 925 1103 969 non
1122 918 1248 995 quanta
1266 904 1325 969 sit.
1342 903 1377 970 Si

305 1017 411 1086 multa
444 1035 628 1088 occurrunt
655 1020 795 1089 molesta
819 1034 855 1087 et
879 1017 1157 1112 tranquillitatem
1182 1018 1373 1111 turbantia,

304 1134 428 1200 emittit
446 1139 532 1201 se²z
552 1158 618 1205 neo
633 1133 699 1205 hoc
713 1151 843 1203 tantum
861 1136 898 1203 in
915 1135 1115 1208 necessitate
1133 1134 1252 1207 ultima
1273 1134 1375 1221 facim

303 1249 386 1332 ted,
409 1274 514 1341 quum
532 1253 681 1344 primum
700 1250 750 1320 illi
765 1242 930 1345 coeperit⁵
948 1267 1104 1346 suspecta
1123 1276 1196 1320 eote
1213 1251 1373 1337 fortuna,

304 1362 490 1459 diligenter
514 1368 761 1462 circumspicit,
788 1366 958 1460 numquid
977 1368 1036 1437 illo
1053 1362 1133 1437 dic⁴
1153 1368 1377 1437 desinendum

304 1480 360 1571 eit.
373 1479 469 1549 Nihil
481 1481 646 1550 existimat
658 1506 719 1549 eua
730 1481 860 1552 referre
871 1531 884 1570 ‚
901 1480 1001 1550 faciat
1012 1482 1136 1566 finem,
1151 1506 1196 1550 an
1209 1483 1375 1576 accipiat,

306 1597 435 1697 tardius
461 1598 539 1682 fiat,
568 1622 613 1666 an
639 1576 768 1666 citiue:
785 1621 856 1667 non
882 1613 1043 1693 tanquam
1065 1595 1109 1667 de
1127 1623 1251 1693 magno
1271 1596 1377 1682 detri-

262 1728 280 1782 5
306 1730 419 1813 mento
431 1716 539 1805 timet.
554 1717 661 1783 Nemo
675 1715 818 1783 multum
825 1708 869 1783 ¹ex
882 1708 1076 1785 stillicidio⁵
1091 1730 1202 1810 potest
1215 1715 1374 1810 perdere.

187 1856 192 1861 ·
306 1830 415 1927 Citius
428 1831 538 1912 mori,
556 1855 600 1898 an
616 1830 767 1915 tardius,
782 1832 827 1899 ad
841 1856 913 1917 rqm
926 1810 995 1899 non
1011 1832 1185 1925 pertinet:
1205 1831 1298 1899 bene
1312 1856 1377 1899 mo-

305 1937 373 2028 ri⁶‚
394 1970 438 2043 un
458 1947 544 2015 male
555 1996 567 2033 ‚
592 1946 636 2014 ad
658 1971 730 2015 rem
753 1932 914 2042 pertinet.
941 1952 1033 2017 Beue
1057 1964 1172 2017 autem
1194 1950 1304 2035 mori,
1329 1964 1376 2017 est

307 2042 458 2156 effugere
480 2062 568 2130 male
592 2061 731 2132 vivendi
755 2063 958 2158 periculum.
988 2064 1108 2157 Itaque
1129 2064 1379 2164 effeminatissi-

305 2200 395 2243 mam
415 2200 531 2244 rocem
554 2175 646 2244 illiue
668 2175 815 2246 Rhodii⁷
839 2177 1013 2261 existimo,
1035 2178 1115 2270 qui,
1144 2202 1249 2270 quum
1267 2178 1304 2245 in
1322 2202 1376 2246 ca·

306 2316 403 2389 reum
427 2292 598 2389 conjectus
618 2307 706 2392 emet
723 2318 743 2361 a
760 2308 924 2391 tyranno,
947 2311 980 2363 et
1000 2273 1160 2394 tunquam
1179 2295 1292 2363 lerum
1310 2295 1376 2363 ali-

343 2541 426 2602 erton,
433 2544 502 2593 enirn
510 2544 594 2594 uivere
602 2542 699 2595 bonum
707 2552 752 2597 est.
760 2544 819 2597 Plu·
866 2560 925 2600 ante
936 2549 1104 2602 desinendum
1119 2547 1272 2603 intercidere
1289 2545 1376 2599 vocula

307 2616 408 2672 tacebas
420 2619 523 2673 Consul.
532 2620 573 2673 ad.
589 2620 708 2695 Apollon.
718 2641 748 2676 :e
759 2624 819 2676 Mo·
866 2628 908 2679 die
916 2639 1037 2699 potuerat.
1047 2626 1114 2680 Vide
1125 2646 1186 2680 vero
1199 2646 1231 2679 ne
1241 2625 1334 2679 rectius
1346 2622 1377 2674 sit

308 2696 355 2751 dus
363 2700 432 2753 enim
444 2700 517 2762 vite,
527 2700 677 2766 honestum,
689 2722 743 2755 non
755 2716 818 2756 tem·
865 2706 923 2772 tui,
936 2705 1006 2774 qnod
1025 2704 1101 2757 dubet
1114 2705 1167 2758 rat
1183 2724 1232 2759 sec.
1249 2702 1333 2757 Seleu.
1344 2728 1376 2741 ·-·

307 2778 375 2850 poris
385 2777 558 2852 longinquitas
568 2793 625 2832 est»
634 2802 641 2845 ;
649 2780 760 2851 itemque
769 2800 818 2833 eu·
866 2784 925 2836 Die.
933 2782 1104 2854 lltecquidem
1111 2781 1377 2853 voxdeestapdlrasm.

307 2867 366 2917 tea:
379 2858 463 2909 «Non
472 2877 524 2910 esse
535 2859 711 2932 longissimam
724 2859 816 2921 vitem,
867 2856 1376 2930 etcditionemveteremetquinquecodd.

308 2932 818 3008 optimam;sedbonestiesimam.Neque
868 2936 941 2989 Grut.
962 2939 1007 3010 qui
1031 2938 1126 3013 probat.
1146 2938 1238 3001 Bene,
1260 2935 1315 2997 ait;
1332 2936 1377 2985 illo

308 3012 378 3065 enirn
392 3012 436 3082 qui
447 3013 585 3089 plurimum
601 3014 697 3068 cithara
709 3015 817 3082 cecinit,
868 3016 937 3069 enim
950 3016 1035 3070 locum
1055 3016 1185 3087 designat,
1205 3034 1260 3067 nou
1273 3026 1375 3083 tempus.

308 3091 458 3151 toteravit,
478 3104 520 3144 eut
537 3111 630 3145 navem
649 3092 816 3165 gubernetur,
867 3094 1007 3148 Enimvero
1021 3115 1074 3147 non
1085 3094 1198 3158 deloco,
1209 3092 1255 3145 sed
1267 3088 1377 3144 detem-

307 3169 513 3242 sedqnioptime‚
523 3168 736 3225 commendaturi·
744 3170 818 3224 Adde
867 3168 1375 3245 poreloquiturNoster,etcumbiureto,

290 3310 293 3315 ¹
308 3248 389 3320 Epist.
401 3264 479 3303 xcur.
491 3249 564 3319 Lips.
867 3252 954 3320 Lipsio
967 3250 1151 3319 Gronovioque
1162 3258 1244 3301 tueor.
1255 3245 1346 3297 Ram.

341 3328 611 3395 aAEmittiteetlEolyrs
619 3331 715 3401 leprbs,
725 3329 817 3404 (Πίος.
900 3330 923 3381 5.
931 3324 1127 3379 Exsts'llicidio.
1139 3323 1277 3397 Aptissima
1285 3322 1377 3393 imago.

307 3406 389 3461 hert
397 3408 462 3476 vll,
478 3410 524 3462 130
533 3410 649 3481 lllebag.)
658 3422 778 3479 tanquam
788 3425 818 3462 er
867 3405 927 3461 vita
936 3404 1006 3457 velut
1018 3404 1134 3473 guttatim
1145 3401 1255 3475 perdice
1266 3414 1292 3452 et
1303 3399 1376 3452 bores

308 3476 422 3539 custodio
437 3494 464 3539 et'
477 3486 594 3540 vinculis.
605 3488 650 3539 Eo
665 3486 818 3546 vocobulum¹
867 3483 924 3548 buit
935 3501 941 3535 :
951 3495 974 3536 et
983 3477 1042 3535 rios
1056 3480 1159 3535 desinit:
1171 3479 1234 3552 quid
1242 3478 1320 3543 mali,
1332 3478 1376 3543 in-

308 3563 424 3618 stoidurn.
436 3568 483 3639 llp.
495 3582 566 3630 mv,
583 3567 624 3631 18,
635 3578 681 3619 ete.
692 3566 782 3619 Ilublc.
867 3560 933 3633 quit,
948 3562 970 3613 si
982 3559 1066 3632 paullo
1081 3556 1171 3611 citius?

342 3642 366 3693 3-
386 3640 503 3715 'Coeperit
522 3664 536 3696 e
556 3641 726 3718 superioribus
750 3643 818 3697 editt.
873 3640 875 3649 ’
899 3640 923 3693 b.
936 3638 1008 3691 Bene
1018 3642 1084 3689 mori
1096 3650 1123 3690 et
1134 3653 1209 3708 supra
1219 3636 1282 3688 bene
1292 3634 1376 3687 eicere

308 3721 421 3773 adhesit.
432 3722 534 3773 Rectius
542 3728 618 3791 coepr't
627 3721 748 3774 scribetur
759 3738 818 3774 cum
867 3716 979 3770 Mascule
988 3717 1042 3770 brec
1054 3716 1104 3786 jam
1113 3715 1236 3785 Epicurus
1247 3733 1288 3783 ap.
1299 3711 1375 3782 Πίος.

308 3817 367 3849 mss.
379 3789 440 3869 λῖς.
450 3791 474 3849 b.
484 3801 540 3852 l’er.
555 3801 616 3852 bd.
628 3798 708 3853 Scuto.
732 3805 736 3813 “
867 3794 949 3847 Laert.
969 3794 1009 3859 Χ,
1032 3793 1092 3858 128,
1112 3802 1274 3865 expresserat*
1290 3789 1374 3841 Vitem

341 3876 365 3936 4.
378 3876 433 3930 ΙΙΙο
448 3880 499 3930 die.
513 3879 610 3935 Vocem
623 3880 677 3943 die,
689 3899 704 3930 ι
716 3877 817 3931 Mureto
868 3872 905 3924 ibi
916 3884 988 3923 vocat
999 3873 1094 3940 pelis-bs
1102 3878 1144 3923 τοῦ
1152 3872 1225 3942 uelde
1233 3874 1278 3937 ζῇν
1286 3870 1322 3919 ul
1334 3873 1374 3917 τοῦ

309 3954 432 4023 ediecta'm
439 3992 447 4019 ‚
459 3956 579 4028 ignorant
587 3968 683 4009 veteres
692 3954 751 4006 libri
764 3974 818 4006 om·
867 3954 940 4011 καλῶς
951 3950 1121 4010 ἀποθνήσκειν,
1132 3942 1323 4016 meditationem
1331 3942 1375 3996 be·
1393 3940 1400 3955 ¹

246 4046 251 4059 ’
309 4044 362 4084 nes'.
377 4033 408 4084 Et
421 4035 518 4091 nudum
528 4031 575 4086 illo
586 4033 681 4101 placuit
693 4026 817 4095 Gru'tero,
866 4047 899 4079 uo
912 4028 928 4078 i.
939 4027 1042 4081 honeste
1052 4024 1155 4079 vivendi
1165 4038 1190 4076 et
1198 4022 1334 4076 moriendi.
1342 4022 1374 4073 lt.

308 4128 362 4160 non
375 4111 434 4162 satis
446 4111 563 4182 equidem
574 4112 649 4166 video
661 4130 711 4180 quo
724 4126 817 4181 nnsu:
900 4126 922 4175 7.
933 4105 1038 4159 Rhodii
1042 4104 1190 4176 Telesphori
1200 4124 1215 4155 ι
1225 4100 1374 4175 Lysimacho

310 4205 368 4237 natu
389 4190 436 4239 mo
455 4188 522 4239 salet
538 4190 608 4241 tuuc.
627 4186 712 4240 Facile
733 4200 818 4238 autem
868 4185 896 4237 in
908 4188 1009 4261 captain
1022 4183 1128 4257 conjecti
1137 4196 1161 4235 st
1173 4183 1279 4255 pessime
1290 4181 1375 4234 babiti.
