2975 4992
367 460 632 532 ttrlsro-La
653 461 859 531 LXXVII.
1019 460 1031 481 '
1083 470 1149 535 513

85 618 148 686 que
170 592 329 675 desines,
351 595 379 660 si
400 593 490 661 hene
507 590 652 674 desinis,
674 607 742 659 tota
762 608 812 659 est
824 596 848 658 ¹.
872 592 967 685 Saepe
985 574 1095 663 autem
1115 614 1151 665 et

85 710 216 777 sortiter
231 706 457 777 desinendum
474 724 544 791 est,
565 724 600 775 et
612 732 681 775 non
701 732 740 775 ex
758 709 910 777 maximis
923 711 1054 779 causis:
1073 736 1149 779 nam

84 848 148 892 nee
164 826 318 893 maxime
337 840 434 907 sunt,
459 847 534 916 quse
550 846 612 892 nos
630 839 759 891 tenent.

128 940 529 1023 TulliusMareellinus²,
543 963 642 1032 quem
656 932 781 1033 optime
792 964 947 1027 noveras,
958 942 1152 1013 adoleseens

84 1059 221 1150 quietus
246 1072 280 1124 et
302 1057 369 1125 eito
391 1080 512 1140 senex,
533 1054 667 1134 morbo,
701 1072 735 1122 et
762 1079 830 1122 non
856 1054 1053 1141 insanabili,
1075 1084 1154 1127 eor-

86 1187 218 1265 reptus,
241 1170 301 1239 sed
317 1171 420 1265 longo
433 1186 468 1239 et
482 1171 622 1240 molesto
631 1220 644 1257 ,
659 1187 694 1239 et
707 1170 813 1239 multa
826 1173 1029 1263 imperante,
1051 1176 1152 1266 coepit
1184 1216 1187 1223 ·

84 1286 279 1355 deliberare
293 1286 335 1355 de
348 1300 468 1355 morte.
478 1286 685 1355 Convocavit
698 1274 889 1377 cemplures
898 1288 1021 1355 amieos
1033 1314 1039 1354 :
1053 1293 1158 1357 unus?
1176 1304 1190 1353 5

86 1402 257 1493 quisque,
276 1416 335 1468 aut
350 1401 433 1492 quia
459 1398 598 1467 timidus
621 1414 712 1481 erat,
736 1396 773 1463 id
795 1398 845 1465 illi
865 1397 1042 1481 suadebat,
1063 1402 1153 1493 quod

83 1516 147 1583 sibi
159 1517 343 1602 suasisset3
362 1530 421 1584 aut
434 1516 516 1606 quia
528 1514 683 1582 adulator
695 1530 730 1581 et
744 1513 909 1595 blandus,
927 1514 962 1581 id
974 1518 1153 1587 eonsilium

83 1628 208 1713 dabat,
218 1627 312 1721 quod
323 1626 526 1696 deliberanti
541 1628 670 1721 gratius
681 1627 1005 1720 foresuspieahatur.
1019 1630 1156 1699 Amicus

82 1737 221 1812 noster³
237 1745 388 1828 Stoicus,
405 1743 508 1812 homo
522 1745 680 1836 egregius
691 1760 772 1825 ,.et,
789 1760 828 1811 ut
841 1743 952 1811 verbis
969 1744 1065 1811 illum
1079 1746 1155 1836 qui·

82 1858 145 1926 bus
164 1858 301 1928 laudari
320 1859 444 1953 dignus
462 1876 513 1927 est
537 1858 690 1944 laudem,
720 1861 889 1948 virtortis
915 1884 955 1927 ae
973 1876 1150 1946 strenuus,

81 1973 222 2042 videtur
238 1976 322 2043 mihi
340 1976 466 2068 optime
480 1975 576 2043 illum
593 1974 799 2043 cohortatus.
819 1977 876 2044 Sic
893 1978 983 2044 enim
997 1968 1010 2018 ⁴
1022 1980 1124 2069 eoepit
1141 2003 1149 2045 :
1174 1987 1192 2037 6

85 2120 100 2154 α
120 2091 222 2176 ΝοΙί,
239 2093 285 2159 mi
303 2091 524 2174 Mareelline,
547 2092 721 2182 torqueri,
743 2109 901 2183 tanquam
917 2090 960 2159 de
976 2116 1014 2161 re
1032 2116 1152 2187 magna

83 2205 274 2277 deliberes!
295 2210 370 2277 Non
388 2225 439 2299 est
460 2233 516 2277 res
541 2232 681 2299 magna,
702 2209 833 2292 vivere,
855 2230 974 2275 omnes
995 2190 1152 2279 servitui

81 2327 220 2409 vivunt,
250 2326 360 2393 omnia
381 2325 539 2392 animalia
564 2351 571 2391 :
596 2348 756 2416 magnum
780 2339 848 2403 est,
879 2322 1018 2393 honeste
1043 2330 1148 2405 mori,

81 2440 294 2533 prudenter,
320 2441 465 2508 sortiter.
491 2442 611 2534 Cogita
635 2439 798 2531 quamdiu
815 2439 886 2531 jam
905 2438 995 2507 idem
1015 2441 1117 2511 facias
1138 2471 1145 2509 ε

82 2554 201 2639 eibos,
220 2577 378 2635 somnus,
395 2553 520 2640 libido,
533 2577 597 2648 per
606 2552 699 2620 hune
707 2552 870 2621 circulum
885 2554 1045 2621 curritur.
1059 2558 1147 2623 Mori

81 2671 170 2739 velle
189 2696 261 2741 non
279 2688 408 2738 tantum
426 2670 576 2764 prudens
589 2687 623 2739 et
636 2670 749 2753 fortis,
770 2686 827 2737 aut
844 2671 958 2752 miser,
975 2671 1148 2741 sedetiam

82 2788 278 2858 fastidiosus
290 2805 411 2882 potest.
430 2815 446 2851 u
462 2790 539 2855 Non
554 2811 640 2881 opus
653 2803 726 2855 erat
736 2810 873 2855 suasore
889 2787 960 2869 illi,
977 2788 1036 2855 sed
1051 2790 1148 2881 adju-

80 2922 154 2972 tore
172 2933 182 2972 ι
200 2907 291 2973 servi
311 2898 452 2998 parere⁵
473 2904 647 2972 nolebant.
665 2905 816 2972 Primum
830 2901 973 2971 detraxit
990 2903 1057 2972 illis
1074 2932 1145 2975 me·
1172 2936 1185 2986 7

80 3035 176 3106 tum,
192 3037 227 3089 et
242 3020 405 3089 indicavit
413 3070 424 3106 ‚
441 3036 522 3089 tune
536 3019 692 3087 familiam
708 3019 898 3113 perieulum
911 3019 1024 3103 adire,
1042 3046 1145 3113 quum

79 3262 190 3336 Egypti
205 3264 352 3337 praeleetum
363 3262 447 3317 suisse-
460 3262 499 3317 cf.
514 3262 589 3316 Con·
638 3262 767 3335 inquibus
781 3263 810 3316 de
819 3284 848 3315 eo
859 3264 1008 3337 agitur3sed
1016 3264 1144 3318 haeceoo-
1252 3268 1258 3277 ’

78 3340 127 3392 sol.
138 3341 170 3392 ad
185 3340 260 3392 Eelv.
272 3362 294 3393 c.
308 3362 344 3406 ¹⁷·
354 3334 444 3391 Rutt.
638 3340 732 3413 jactura
750 3360 802 3393 non
816 3340 874 3393 satis
892 3338 966 3394 firmo
980 3340 1144 3396 fundamento

117 3436 137 3467 ι.
155 3415 224 3468 Tota
235 3427 281 3468 eat.
293 3414 366 3471 Nihil
379 3416 418 3469 illi
432 3417 517 3472 deluit.
639 3420 736 3471 nititur.

112 3514 137 3546 ι.
147 3495 330 3547 Marcellinus.
345 3494 386 3546 De
401 3494 591 3551 Marcellinocl.

77 3574 129 3645 Ep.
141 3588 212 3624 xxtx.
221 3571 329 3625 Diutino
339 3572 450 3625 morbos
462 3573 590 3627 vivacitate

79 3652 180 3725 ingenii
190 3665 214 3702 et
222 3653 355 3705 festivitate
362 3652 394 3705 ad
404 3650 477 3705 illum
485 3652 591 3725 languo-

78 3748 135 3779 rem
158 3743 183 3781 et
208 3730 320 3797 quietem
344 3730 475 3782 defecerat.
495 3732 590 3782 llloneo

36 3806 40 3819 '
79 3804 145 3869 boe,
157 3826 190 3857 ne
206 3806 263 3875 quia
273 3804 357 3858 locum
373 3805 441 3859 hunc
456 3808 590 3879 corrigen-

80 3884 144 3933 dum
159 3895 241 3956 putet,
253 3895 278 3934 et
290 3887 372 3934 uictus
380 3922 388 3947 ,
401 3897 443 3936 aut
460 3882 509 3937 tale
529 3884 591 3954 quid

79 3962 268 4031 reponendum.
279 3959 368 4011 Rutu.

115 4040 141 4091 3.
153 4043 264 4092 Amicus
275 4051 366 4092 noster.
378 4039 525 4115 Schweigh.
533 4062 591 4093 eon·

78 4117 142 4188 jecit
157 4130 181 4169 et
198 4118 226 4170 in
243 4128 337 4169 textum
356 4118 447 4189 recepit
464 4121 590 4179 Attalus,

79 4196 142 4249 coll.
150 4197 303 4272 lippeam,
314 4211 592 4263 txxxt,txvrt,cv1u,

179 4294 240 4361 Ill.
280 4316 283 4319 ’

671 3497 694 3563 4.
713 3498 757 3551 Sic
773 3500 841 3551 'enim
859 3502 941 3565 coept't.
955 3498 1034 3551 Vides
1052 3500 1079 3553 in
1096 3500 1144 3554 hac

639 3575 718 3630 Stoici
727 3576 902 3630 cohortatione
911 3591 1003 3630 tectam
1011 3618 1018 3643 ,
1026 3580 1065 3631 cui
1075 3581 1143 3653 appi·

638 3668 692 3708 etus
704 3667 763 3706 erat.
776 3654 819 3707 Cf.
837 3656 885 3727 Ep.
899 3670 961 3717 xtv,
981 3654 1019 3707 3ο.
1041 3656 1144 3729 Epictet.

639 3731 884 3801 Euchirid.v11,17.
897 3732 935 3783 Μ.
946 3734 1040 3785 hoton.
1050 3732 1086 3784 lx
1093 3774 1099 3800 ,
1114 3734 1143 3797 3,

638 3806 723 3879 ibique
735 3810 867 3862 Gataeher.
879 3806 969 3861 Ruth.

671 3886 695 3936 5.
707 3885 782 3938 Servi
788 3905 878 3955 parere
891 3886 1020 3938 nolebant.
1034 3886 1146 3939 neruu-

640 3963 701 4015 bant
714 3984 786 4034 opero
802 3966 865 4016 ferre
876 3965 979 4017 domino
991 3966 1112 4017 morituro
1122 3982 1146 4017 et

640 4041 776 4107 timebant,
799 4062 831 4092 ne
854 4042 901 4094 SC.
921 4042 1079 4095 Silanianum
1098 4046 1144 4097 sihi

641 4120 823 4194 applicaretur,
845 4140 895 4190 quo
915 4134 937 4173 et
957 4121 1021 4193 ipsos
1040 4122 1146 4176 interfici

642 4198 778 4271 oportebat,
788 4200 832 4269 qui
845 4198 948 4250 domino
960 4199 1092 4253 interiecto
1101 4199 1146 4255 tub

958 4291 1000 4359 33
