2975 4992
363 415 425 508 '¹94
652 418 690 481 1..
717 412 893 479 annul
917 412 1131 481 sanson

355 548 495 615 Emissis
509 546 647 615 meliora
660 560 800 627 restant,
816 568 921 614 onere
933 544 1085 615 detracto
1096 574 1107 631 3
1120 548 1326 639 consumptis
1334 548 1416 616 nihil

273 744 278 751 ⁵
356 677 483 743 restat,
511 660 599 728 bona
623 662 753 753 pariter
778 660 934 753 malaque
962 661 1115 730 submota
1142 676 1232 729 suut.
1263 664 1416 731 Permitte

350 780 438 845 'mihi
451 779 517 846 hoc
530 778 602 847 loeo
614 776 742 845 referre
753 801 887 844 versum
900 793 994 846 tuum
1008 829 1017 861 ,
1034 780 1061 846 si
1072 779 1168 871 prius
1185 776 1389 847 admonuero
1404 831 1412 857 ,

354 910 392 961 ut
412 910 444 961 te
466 891 601 985 judices
626 916 694 960 uon
718 891 795 961 aliis
820 894 994 986 scripsisse
1018 895 1107 975 ista,
1138 891 1318 961 sedetiam
1340 894 1411 961 tibi.

231 1039 239 1061 ν
352 1010 471 1102 Turpe
497 1024 548 1077 est
572 1009 666 1077 aliud
685 1008 800 1100 loqui,
821 1008 916 1077 aliud
939 1010 1088 1093 sentim,
1113 1024 1240 1101 quamo
1258 1011 1412 1102 turpius,

351 1122 445 1191 aliud
458 1122 630 1205 scribere,
647 1121 741 1191 aliud
755 1125 882 1191 sentire
896 1125 912 1191 l
926 1126 1065 1192 Memini
1078 1141 1112 1193 te
1121 1124 1217 1192 illurn
1231 1126 1341 1193 locum
1355 1126 1417 1192 ali-

283 1224 284 1232 *
351 1240 487 1329 quaudo
505 1254 684 1322 tractasse,
705 1264 773 1307 uon
791 1254 933 1332 repente
949 1264 1011 1306 uos
1032 1241 1067 1306 in
1085 1254 1227 1307 mortem
1243 1238 1412 1322 incidere,

228 1376 233 1389 '
278 1364 325 1445 '¹⁵9
350 1361 409 1428 sed
428 1362 617 1429 minutatim
637 1312 858 1455 procederes
860 1360 1025 1461 Quotidie
1045 1362 1208 1428 morimur
1221 1365 1246 1441 ¹,
1265 1362 1414 1453 quotidie

348 1480 439 1545 euim
457 1477 606 1546 demitur
623 1478 737 1570 aliqua
755 1502 835 1570 pars
851 1456 960 1546 vitae':
986 1456 1021 1545 et
1037 1458 1292 1570 tuncdudque,
1312 1504 1413 1571 quum

348 1594 549 1675 crescimus,-
578 1596 646 1662 vita
670 1593 848 1661 decrescit.
877 1593 1057 1661 Infantiam
1079 1596 1272 1677 amisimus,
1293 1594 1413 1662 deinde

346 1709 548 1800 pueritiam,
568 1707 693 1777 deiude
710 1707 992 1795 adolescentiam
1011 1709 1177 1802 usquead
1194 1711 1410 1789 hesternum,

346 1820 517 1914 quidquid
538 1824 672 1892 transiit
695 1825 877 1917 temporis,
898 1824 1024 1917 periit3
1045 1825 1139 1923 hunc
1160 1824 1270 1920 ipsum
1284 1848 1412 1915 „quem

345 1939 497 2027 agimus,
510 1938 604 2035 diem
617 1952 693 2005 cum
710 1924 1026 2006 morte'dividimus.
1043 1916 1339 2030 Quemadmodum
1351 1940 1414 2007 cle·

308 2118 313 2125 ⁴
344 2036 504 2145 psydram
524 2078 593 2121 uon
612 2070 798 2126 extremum
817 2054 1026 2123 stillicidium
1043 2055 1221 2139 exhaurit,
1238 2055 1299 2124 sed
1314 2056 1413 2147 quid-

222 2150 226 2184 l

216 2193 225 2290 i
325 2168 430 2259 „quid
441 2186 520 2237 aute
536 2168 676 2235 defluxit
697 2195 703 2235 :
724 2171 773 2236 sic
786 2168 903 2268 ultima
918 2170 1020 2256 liora,
1035 2194 1104 2263 qua
1117 2194 1190 2239 esse
1204 2170 1410 2255 desinimus,

211 2305 413 2385 [damon
439 2285 507 2354 sola
532 2301 673 2354 mortem
699 2286 798 2364 facit,
825 2286 886 2354 sed
909 2287 981 2355 sola
999 2303 1219 2356 consummat.
1243 2290 1346 2357 Tunc
1371 2290 1412 2356 ad

161 2400 163 2407 ’
343 2398 434 2467 illam
451 2402 689 2494 pervenimus,
712 2398 772 2469 sed
791 2395 851 2469 diu
869 2402 1034 2470 venimus.
1055 2404 1136 2471 Haec
1155 2427 1261 2496 quum
1280 2403 1421 2473 descri-‘

342 2520 483 2611 psisses,
498 2543 566 2610 quo
577 2520 663 2589 soles
675 2543 753 2603 ore,
767 2542 902 2612 semper
913 2519 1050 2611 quidem
1064 2544 1208 2614 magnus
1217 2572 1228 2605 ,
1237 2546 1411 2614 nunquam

340 2754 400 2807 inde
421 2774 436 2806 a
454 2756 524 2807 lllur.
546 2757 695 2823 (rursusque
712 2772 793 2825 nuper
812 2752 853 2805 ed.
902 2765 939 2805 est
954 2768 1041 2804 seusus
1057 2752 1176 2805 enimin
1187 2764 1268 2806 morte
1279 2752 1411 2816 relietum,

340 2831 443 2899 llllattlr.)
455 2852 513 2885 urm
526 2834 565 2901 ed.
577 2832 652 2884 Aret
662 2852 708 2885 ms.
718 2851 740 2884 c.
751 2851 853 2885 acuon·
902 2834 954 2883 Aut
965 2850 1032 2882 mors
1043 2830 1096 2903 ipsa
1108 2830 1180 2883 nihil.
1190 2852 1203 2877 ι
1221 2830 1252 2883 si
1270 2832 1413 2894 consumit,

341 2909 418 2961 nullis
426 2908 736 2967 Pinciauieodd.Etbene
748 2909 852 2978 quidem
901 2928 958 2963 eum
967 2908 1137 2979 illaperimus;
1145 2920 1221 2978 atque
1229 2908 1262 2961 ite
1273 2909 1326 2962 hoc
1335 2909 1412 2961 Seue-

340 2988 389 3041 lroe
400 2988 520 3041 convenit
535 3006 593 3040 curu
604 3006 635 3039 eo
650 2988 718 3057 quod
729 2987 852 3040 continuo
901 2986 1134 3057 esetregieivelest:
1146 2986 1339 3040 sPostmurtetu
1348 2987 1412 3041 uilril

340 3064 463 3135 sequitur,
477 3066 595 3128 entissis,
614 3077 638 3115 et
653 3083 711 3117 ernn
729 3062 787 3114 aliis
799 3064 853 3116 Se·
901 3080 953 3130 est,
967 3064 1068 3136 ipseque
1082 3084 1150 3118 mors
1160 3064 1255 3117 nibil.»
1266 3066 1383 3133 lipsius.

341 3160 409 3195 nerae
421 3142 496 3205 locis,
513 3140 559 3194 ubi
571 3134 640 3195 idern
651 3141 756 3194 verbum
770 3142 799 3193 iu
809 3162 852 3195 eo-
937 3165 957 3197 r.
979 3146 1102 3215 Quotidie
1119 3148 1265 3197 moritur...
1284 3146 1412 3199 demerit.

236 3288 240 3296 ἱ
340 3220 399 3271 dem
413 3232 561 3294 argumento
573 3220 688 3293 ponitur:
703 3220 748 3272 sed
762 3222 851 3292 esqui-
899 3219 961 3275 Ber
972 3222 1022 3293 jam
1035 3222 1178 3275 Heraclitus
1188 3220 1331 3275 Clementis
1343 3222 1412 3274 Ales.

339 3296 410 3351 eitius
418 3311 496 3361 est,et
505 3296 641 3371 repositum
649 3316 706 3351 cum
715 3299 756 3351 ed.
764 3299 849 3351 ttuhk.
901 3300 994 3353 Strata.
1004 3300 1052 3363 lll,
1059 3320 1081 3372 p.
1093 3303 1152 3363 520,
1166 3298 1311 3371 perviderat
1319 3318 1327 3353 :
1334 3308 1412 3352 Om-

339 3377 427 3429 malim
438 3415 444 3442 ,
455 3389 504 3431 out
512 3381 606 3439 exuit,
619 3377 688 3448 quod
697 3396 754 3428 cum
767 3378 806 3429 ed·
814 3376 850 3429 lt.
900 3379 992 3440 τόςέπι
1000 3377 1342 3446 ,ἅὶιοταῃὸπὸσαὲγιρθίντες
1351 3378 1413 3447 lpr'e-

338 3458 473 3529 praeferuut
484 3475 542 3509 mes.
554 3456 620 3525 Arg·
630 3456 656 3508 b.
672 3454 736 3507 Pur.
749 3475 775 3508 a.
785 3455 809 3507 b.
821 3455 848 3506 d.
896 3480 945 3527 μιν.
963 3458 1037 3530 Saepe
1054 3456 1103 3509 ltoe
1119 3469 1206 3510 tractet
1224 3456 1326 3511 Seuere
1350 3477 1372 3511 e.
1391 3478 1412 3509 e.

338 3531 432 3601 aliique
448 3533 515 3605 apud
533 3532 605 3585 l’iue.
623 3542 647 3583 et
665 3531 738 3584 Grut.
750 3532 849 3604 Nempe
897 3532 975 3607 Epist.
996 3534 1026 3599 l,
1045 3535 1094 3598 IV,
1116 3547 1164 3587 ete.
1182 3534 1282 3588 Laudat
1298 3536 1412 3588 Muretm

337 3616 414 3663 exuit
426 3632 489 3678 nos,
504 3612 530 3664 id
549 3623 585 3663 est
601 3611 717 3663 animum
735 3623 849 3662 nostrum
897 3610 1061 3664 Plutarchum
1075 3612 1103 3665 iu
1116 3603 1182 3665 libro
1193 3612 1224 3667 de
1235 3618 1263 3665 El
1276 3613 1344 3686 apud
1351 3612 1412 3665 Del-

338 3688 493 3754 velamento,
514 3687 583 3759 quod
602 3687 675 3740 illurn
695 3686 759 3739 dum
777 3687 849 3739 riri-
897 3687 961 3761 plros
980 3709 1001 3741 t.
1024 3690 1129 3753 llVlll,
1142 3710 1167 3762 p.
1181 3690 1248 3756 240,
1262 3689 1339 3742 Tum.
1359 3690 1410 3753 lX,

337 3782 394 3819 snus
404 3766 558 3819 circumdat:
571 3783 629 3819 eum
642 3784 693 3836 quo
706 3765 847 3831 convenit,
896 3765 968 3819 Rue.
981 3765 1054 3820 valde
1066 3767 1170 3821 similia.
1183 3769 1222 3822 Eo
1237 3787 1341 3840 quoque
1351 3787 1412 3840 spe-

338 3844 407 3915 quod
420 3862 479 3895 mur
496 3843 531 3895 ait
547 3860 620 3894 onere
635 3843 757 3895 detracto.
775 3840 849 3896 Conl.
897 3856 947 3897 etat
956 3844 1078 3898 Heracliti
1090 3846 1140 3915 jaro
1147 3865 1224 3918 supra
1231 3845 1363 3899 laudatum
1374 3843 1410 3897 di·

338 3920 418 3989 Epist.
428 3934 494 3973 xcu.
507 3917 588 3973 Sthe.
601 3948 633 3960 -
647 3919 749 3973 Utroris
763 3932 847 3973 autem
897 3931 1039 3975 sturnzuos
1050 3942 1102 3974 nou
1116 3922 1156 3976 bis
1169 3922 1289 3977 eumdem
1302 3922 1411 3976 durium

338 3998 414 4053 modo
431 4000 498 4074 leges
506 4041 514 4067 ,
535 4020 602 4052 mors
615 3999 694 4063 nihil,
716 4014 760 4055 aut
771 4000 848 4055 nihili
896 3998 989 4052 intrare
1002 4018 1008 4052 :
1022 4001 1055 4053 eit
1068 3999 1153 4067 euim,
1166 4002 1246 4055 lluere
1256 4002 1343 4055 omnia
1354 4043 1362 4068 ,
1374 4002 1411 4053 ui·

338 4091 382 4128 est.
402 4076 431 4128 Si
450 4076 518 4129 euim
534 4076 639 4142 emittit,
658 4076 783 4142 vivimus,
795 4098 846 4147 quo
896 4075 983 4146 hilque
995 4096 1105 4131 manere.
1120 4077 1194 4131 Plato
1206 4078 1304 4151 Cratyl.
1315 4102 1340 4151 p.
1352 4080 1410 4147 267,

337 4172 411 4204 sensu
424 4153 553 4220 Lucanus,
570 4152 613 4203 lib.
628 4153 673 4205 lll.
693 4175 706 4199 a
717 4157 767 4206 dut
781 4153 846 4205 nihil
896 4154 970 4207 Tom.
983 4155 1036 4221 Ill,
1050 4154 1108 4228 Bip.
1119 4154 1158 4208 Cf.
1172 4156 1269 4231 lleynii
1286 4157 1412 4231 Opuseul.
