2975 4992
370 461 414 546 3⁸
601 420 648 524 s.
676 453 1169 526 scnwntounusnm

371 589 428 674 let,
440 611 609 664 constanter
623 596 686 658 lere
702 597 744 658 ibi
754 595 845 658 ctiam
856 609 973 674 nuent,
990 597 1041 660 ubi
1056 598 1142 684 rtdgo
1152 625 1171 661 n
1186 599 1278 662 littera
1291 623 1350 664 cunt
1362 629 1404 668 se·

370 709 470 791 quenti
487 727 616 770 consona
640 705 841 788 colliquescit,
868 707 919 768 tut
940 705 992 768 ubi
1014 731 1042 768 m
1059 708 1213 794 proprium
1229 731 1309 772 snum
1322 711 1405 776 locun

371 834 516 897 occupare
527 813 613 875 solet
623 810 718 895 Igitur
727 815 872 874 conlomre
882 812 999 891 scribit,
1013 827 1043 877 et
1053 816 1242 890 conludornre,
1257 839 1405 898 eunpurnre,

370 926 520 1006 conplecti,
537 943 702 1002 conponere,
716 932 746 981 et
761 917 808 981 bis
822 919 932 982 similia
948 945 954 980 ε
970 921 1003 982 in
1014 943 1072 1004 qua
1086 923 1204 1004 quidem
1218 921 1352 986 scribendi
1365 946 1408 986 rt-

370 1032 450 1092 tione
464 1030 567 1091 itidem
581 1027 665 1110 sequi
673 1026 788 1089 codicis
802 1026 887 1110 liujus
903 1029 1124 1100 auctoritatem,
1137 1029 1183 1092 cui
1197 1028 1266 1090 item
1276 1029 1344 1092 elios
1354 1053 1409 1114 pss-

372 1138 428 1198 sim
444 1134 602 1219 suffragari
615 1135 756 1197 videbam
767 1148 787 1208 ¹,
811 1155 871 1196 non
890 1135 1031 1198 dubitavi.
1045 1136 1143 1220 Atque
1161 1137 1248 1199 etiam
1262 1150 1411 1200 constanter

372 1245 508 1306 eamdem
524 1244 633 1325 ubique
642 1256 797 1306 secuturus
811 1265 897 1306 erem
910 1244 1058 1306 rationem
1071 1268 1078 1302 :
1089 1246 1141 1306 sed
1149 1265 1238 1328 qutun
1249 1243 1361 1306 subinde
1370 1266 1410 1306 ra-

372 1351 522 1414 cillantem
537 1351 636 1434 ipsum
650 1330 835 1434 praecipuum
852 1363 989 1412 nostrum
1003 1352 1155 1428 codicem,
1174 1373 1208 1415 ac
1218 1351 1293 1414 nein
1307 1351 1350 1414 bis
1360 1351 1413 1432 qui-

372 1461 442 1520 dem
452 1458 522 1520 setis
536 1477 657 1540 semper
670 1457 729 1519 sibi
742 1462 928 1520 constantem
938 1457 1227 1541 deprehendissem²,
1243 1459 1413 1541 quumquein

373 1567 487 1646 majore
504 1579 589 1649 parte
602 1565 712 1626 herum
725 1561 934 1647 Epistularum
954 1566 1073 1627 nonnisi
1089 1566 1125 1628 iis
1142 1565 1287 1629 codicibus
1301 1565 1340 1626 uti
1353 1561 1415 1624 mihi

374 1670 503 1749 licuerit,
520 1671 551 1731 in
564 1669 671 1752 quibus
684 1671 863 1754 plerumque
878 1672 917 1732 ed
928 1670 1058 1756 vulgaris
1070 1672 1163 1733 moris
1175 1691 1307 1734 normam
1319 1681 1416 1730 mutata

373 1789 457 1839 retus
471 1776 617 1860 scriptura
632 1790 692 1853 est,
708 1778 788 1839 haud
800 1797 871 1838 raro
888 1777 953 1862 ipse
970 1778 1100 1842 incertus
1114 1777 1202 1840 tsaesi:
1220 1777 1340 1858 denique
1356 1795 1418 1836 vero

374 1884 417 1947 sic
430 1885 535 1964 stetui,
551 1905 589 1946 ne
605 1899 681 1968 opus
698 1884 820 1966 quidem
835 1907 917 1964 esse,
932 1901 965 1948 ut
980 1886 1011 1946 in
1028 1885 1088 1948 boc
1102 1906 1228 1970 genere,
1243 1885 1273 1944 in
1290 1903 1346 1966 quo
1359 1901 1418 1942 sene

375 1990 485 2072 absque
502 2012 614 2076 magno
625 1994 818 2057 incommodo
832 1994 914 2057 idem
925 1993 1016 2055 etiam
1028 1992 1155 2076 scriptor
1166 2011 1184 2052 a
1195 2011 1226 2052 se
1237 1990 1299 2074 ipse
1310 1987 1419 2050 subinde

376 2097 530 2160 dissentire
549 2113 665 2183 potest,
692 2121 811 2164 summa
834 2099 945 2182 ubique
973 2097 1136 2162 constantis
1159 2108 1297 2158 tenentur.
1321 2091 1421 2155 Similis

378 2201 453 2264 ratio
469 2216 513 2265 est
524 2205 687 2268 verborum
701 2228 738 2269 ex
752 2210 782 2267 in
797 2185 1036 2300 compositorum
1051 2227 1057 2262 :
1076 2203 1107 2264 in
1121 2201 1224 2286 quibus
1241 2222 1305 2264 cum
1328 2202 1421 2262 eodem

376 2324 479 2373 nostro
493 2314 558 2373 cod
571 2335 599 2373 a.
615 2312 675 2394 (cui
690 2335 794 2376 rursus
807 2313 839 2374 in
851 2313 911 2376 hoc
925 2333 1036 2395 genere
1056 2310 1226 2392 frequenter
1243 2308 1423 2390 suffragantes

379 2418 454 2480 elios
469 2418 670 2504 deprehendi)
683 2418 816 2482 litteram
830 2443 872 2494 n,
894 2439 959 2500 queo
980 2438 1016 2479 ex
1032 2417 1149 2500 vulgate
1166 2415 1309 2479 scribendi
1321 2413 1424 2475 ratione

301 2559 306 2568 =
379 2538 429 2586 aut
444 2525 474 2586 in
488 2527 624 2610 proxime
633 2540 808 2609 sequentem
818 2547 983 2590 consonam
996 2539 1047 2588 aut
1060 2525 1091 2586 in
1101 2547 1130 2584 m
1140 2536 1278 2600 mutetur,
1290 2521 1424 2582 ittihaum

379 2631 553 2715 plerumque
568 2634 683 2716 reliqui.
694 2633 799 2718 ltaque
814 2637 962 2696 inbecillus
976 2633 1098 2717 scripsi,
1117 2645 1146 2694 et
1159 2633 1287 2710 inligare,
1299 2630 1424 2698 inlinere,

379 2740 568 2815 intuleratis,
584 2731 742 2814 inmersus,
759 2743 903 2819 inmerito,
921 2743 1065 2822 inpedire,
1081 2742 1191 2821 inpetus
1199 2783 1210 2813 ,
1227 2740 1366 2818 inponere,
1382 2736 1427 2793 in-

377 2868 465 2926 pune,
485 2849 682 2924 inrutzbnolr’s,
704 2851 837 2924 inritare,
858 2851 976 2922 inritus,
1003 2860 1032 2910 et
1049 2840 1081 2908 id
1098 2865 1190 2929 genus
1212 2841 1270 2905 alin
1288 2865 1295 2904 :
1313 2839 1427 2903 subinde

379 2971 453 3012 vero
467 2952 572 3032 etiam,
588 2955 695 3016 eodem
710 2967 810 3017 vetere
824 2954 927 3017 codice
949 2963 1116 3038 preceunte,
1130 2963 1179 3012 eut
1195 2947 1244 3011 ubi
1261 2949 1322 3029 ejus
1336 2957 1427 3008 aucto

381 3215 508 3277 potuerunt
523 3221 580 3256 cunt
590 3194 645 3256 cod.
657 3222 683 3257 a.
689 3203 792 3272 suptilis
804 3203 926 3268 scribere,
940 3213 964 3254 et
972 3213 1096 3271 opterere,
1106 3203 1227 3268 optinere,
1239 3209 1262 3248 et
1271 3193 1358 3248 similis
1368 3213 1427 3264 ,quo

383 3288 414 3340 de
428 3304 518 3360 genere
533 3287 705 3354 Quintilianus
717 3288 817 3340 monuit
829 3288 856 3352 l,
874 3307 903 3358 7,
916 3307 946 3354 7,
960 3299 984 3338 et
994 3286 1029 3338 ibi
1042 3285 1167 3338 Gesnerus
1181 3299 1188 3335 z
1201 3283 1243 3334 sed
1258 3299 1307 3333 non
1319 3279 1394 3348 magis
1405 3277 1428 3327 in

382 3370 433 3422 istis
442 3369 533 3423 imitari
542 3369 612 3424 bunc
622 3371 734 3424 codicem
744 3371 849 3446 placuit,
862 3388 939 3442 quern
949 3371 977 3423 in
986 3369 1025 3422 bis
1035 3387 1091 3441 quse
1106 3368 1131 3420 in
1146 3367 1234 3419 eodem
1243 3363 1345 3417 subinde
1356 3360 1428 3432 positi

383 3453 434 3505 vidi
446 3455 598 3522 subplicium
608 3492 615 3520 ,
625 3475 669 3528 pro
679 3459 850 3526 snpplicim,
860 3469 905 3511 eut
920 3457 1071 3525 subpremns
1084 3472 1129 3525 pro
1141 3467 1285 3520 supremus,
1300 3458 1341 3499 ⁸¹¹²
1350 3447 1359 3508 (
1367 3441 1431 3514 ttu⁰d

384 3535 462 3587 codex
473 3536 497 3588 b·
507 3541 590 3604 emet)
605 3539 748 3607 subpelteoe.

418 3626 426 3655 ¹
440 3623 498 3689 Sic,
520 3635 548 3674 ut
563 3623 613 3676 elie
633 3625 766 3692 omitum,
781 3623 927 3698 scripturum
945 3628 1092 3679 conteratur
1107 3619 1184 3694 Epist.
1206 3633 1266 3671 ιω
1286 3619 1354 3684 (quse
1371 3611 1432 3682 Epi-

385 3704 447 3757 stola
460 3705 488 3758 in
499 3707 552 3757 eod·
566 3727 591 3758 o.
603 3727 655 3759 non
669 3709 839 3778 continetur),
854 3729 882 3763 ex
894 3705 1028 3762 vetustiore
1043 3706 1128 3776 aliquo
1145 3703 1228 3758 codice
1243 3709 1370 3752 tenuerunt
1383 3715 1431 3745 no-

386 3785 427 3837 stri
439 3805 496 3838 mss.
506 3788 531 3839 b.
544 3798 570 3838 et
577 3805 597 3839 e.
607 3809 664 3841 cunt
679 3791 720 3850 ed,
730 3793 766 3842 A.
780 3805 803 3843 et
813 3791 853 3844 ed.
865 3793 941 3844 Rom.
954 3807 1011 3862 quae
1020 3788 1139 3861 scriptura
1153 3785 1224 3838 etiam
1237 3803 1263 3834 en
1273 3782 1311 3834 ed.
1319 3779 1391 3832 Rom.
1407 3775 1431 3826 ln

387 3886 473 3921 ornnes
483 3868 542 3920 elias
553 3883 685 3943 propagata
697 3885 739 3926 est.
754 3875 852 3927 Eodem
862 3875 971 3949 pertinet
981 3912 988 3938 ,
999 3871 1067 3943 quod
1081 3870 1108 3922 in
1119 3880 1202 3921 nostro
1215 3885 1259 3918 ms.
1270 3883 1290 3917 c.
1301 3873 1367 3912 retus
1378 3857 1432 3910 scri·

387 3963 456 4022 ptura
467 3957 636 4007 connsittendo
646 3969 741 4009 servate
752 3970 786 4010 cst
795 3959 822 4010 in
832 3960 911 4032 Epist.
923 3973 1053 4010 txxxvttt.

420 4039 431 4066 ²
441 4037 535 4108 Nempe
548 4037 615 4091 idern
626 4040 701 4094 codes
709 4041 797 4113 passim
808 4062 891 4095 rursus
898 4044 1045 4111 complecti,
1058 4055 1203 4108 componere
1212 4047 1370 4100 »mmm
1380 4027 1432 4077 “fl

362 4163 364 4166 .
388 4119 432 4169 bit'¹
441 4121 561 4192 idemque
568 4123 595 4175 in
606 4125 686 4178 serbis
697 4131 787 4198 colligo
799 4166 806 4190 ,
816 4129 928 4197 corrigo,
941 4145 1039 4194 conseo,
1056 4135 1195 4178 constanter
1204 4141 1220 4174 n
1232 4119 1332 4171 litteram
1343 4111 1369 4164 in
1380 4127 1432 4162 earn

328 4262 332 4282 ν
386 4217 480 4269 mutat,
493 4227 507 4260 e
518 4227 565 4276 qun
578 4209 680 4281 simplex
690 4210 777 4284 incipit
789 4211 901 4267 verbum.
