2975 4992
365 459 636 532 nrrsrocs
659 461 868 532 cxxxv.
1088 464 1157 554 ss,

97 614 157 660 non
171 604 380 682 sequuntur,
409 616 477 661 non
502 590 646 662 audiunt
669 591 833 678 affectus,
853 588 1156 683 qunumlicumque

96 709 165 774 sint.
185 707 337 798 Tigres,
357 707 540 800 leonesque
553 731 729 801 nunquam
742 709 910 788 feritatem
925 720 1073 788 eruum,
1092 705 1156 777 ali·
1179 719 1197 772 t

95 823 220 915 pando
248 822 473 911 submittunt,
503 839 560 908 et,
590 850 696 920 quum
715 826 856 894 minime
881 824 1153 917 exspectaveris,

94 955 302 1032 exasperatur
320 942 459 1028 torvitas
482 943 636 1035 mitigata
659 967 667 1008 ι
687 965 861 1034 nunquam
878 939 970 1036 hona
987 939 1056 1010 fide
1072 938 1155 1009 vitis

94 1045 338 1124 mansuescunt.
352 1055 499 1137 Deinde,
516 1057 544 1124 si
558 1057 644 1126 ratio
657 1056 814 1150 proficit,
834 1079 879 1126 ue
892 1054 1059 1148 incipient
1072 1053 1153 1145 qui·

93 1169 160 1238 dem
185 1171 327 1254 affectus
347 1199 355 1242 ε
373 1175 402 1242 si
430 1174 538 1244 invita
552 1173 683 1244 ratione
700 1174 882 1268 ceperint,
903 1172 1011 1240 invita
1026 1195 1151 1264 perse-

91 1285 272 1364 verabunt.
291 1289 440 1360 Facilius
467 1305 518 1362 est
544 1291 635 1360 enim
662 1290 762 1358 initia
786 1289 922 1360 illorum
946 1286 1151 1381 prohibere,

91 1423 182 1492 quam
198 1404 363 1495 impetum
378 1428 511 1498 regere.

131 1517 229 1588 Falsa
253 1527 305 1588 est
329 1522 445 1612 itaque
472 1521 537 1590 ists
562 1522 768 1588 mdtocrisas
794 1536 829 1588 et
853 1518 1005 1602 inutilis,
1033 1517 1196 1604 eodem

91 1629 179 1698 loco¹
199 1631 378 1717 habenda,
402 1633 491 1726 quo,
513 1635 541 1701 si
558 1634 636 1726 quis
654 1633 807 1717 diceret,
827 1633 961 1702 modice
978 1632 1154 1702 insanien-

89 1745 182 1829 dum,
203 1748 339 1818 modice
355 1743 598 1843 aegrotandum.
617 1751 695 1822 Sola
708 1752 825 1819 Virtus
833 1755 850 1844 Ἰ
861 1749 986 1831 habet,
1010 1773 1079 1819 uon
1097 1772 1154 1817 re-

88 1845 212 1956 cipiunt
234 1866 342 1932 animi
366 1859 490 1950 mala³,
518 1882 819 1959 temperamentum
844 1893 852 1931 :
879 1867 1010 1934 facilius
1035 1881 1152 1935 austu-

88 1975 160 2044 ieris
185 1977 269 2061 ilia,
298 2004 401 2074 quam
424 1982 565 2052 rexeris.
596 1980 770 2074 Numquid
793 1980 935 2052 dubium
963 1997 1036 2066 est,
1066 1979 1152 2070 quin

86 2094 163 2160 vitia
191 2095 316 2165 mentis
335 2094 490 2166 humanae
510 2097 697 2190 inveterata
716 2114 752 2164 et
770 2097 874 2178 dura,
895 2119 972 2191 quae
996 2087 1150 2161 ‘morbos

85 2231 236 2280 vocamus
247 2262 259 2296 ,
280 2213 501 2282 immoderata
524 2216 614 2300 sint,
644 2231 683 2283 ut
704 2215 864 2298 avaritia,
884 2229 923 2283 ut
942 2211 1148 2295 crudelitas,

84 2341 117 2394 ut
135 2327 363 2422 impotentia,
380 2332 562 2426 impietas?
581 2336 673 2426 Ergo
702 2330 913 2402 immoderati
936 2346 1016 2400 suut
1039 2345 1074 2400 et
1096 2329 1151 2396 nf-

84 2443 203 2532 fectus,
223 2444 268 2514 ab
286 2445 341 2514 liis
359 2449 450 2516 euim
468 2447 513 2516 ad
528 2447 585 2515 illa
602 2447 779 2516 transitur.
796 2444 950 2530 Deinde,
965 2447 994 2516 si
1008 2445 1068 2513 das
1083 2441 1149 2512 aii·
1178 2482 1206 2515 to

83 2557 160 2648 quid
173 2553 287 2652 juris⁵
300 2563 466 2644 tristitiae,
488 2565 623 2646 timori,
643 2562 840 2656 cupiditati,
860 2563 1059 2654 caeterisque
1074 2585 1150 2630 mo-

85 2675 169 2744 tibus
181 2669 333 2774 pravis⁶,
350 2703 419 2748 non
434 2696 535 2748 erunt
548 2681 583 2748 in
598 2694 713 2748 nostra
725 2692 902 2771 potestate.
915 2676 1057 2771 Quare?
1068 2679 1149 2771 quia

80 2807 168 2860 extra
179 2808 353 2880 noscunt,
370 2793 495 2886 quibus
511 2795 832 2884 irritantur.1taque
845 2797 1032 2875 crescent⁷,
1045 2809 1149 2888 prout

80 2929 214 3000 magnas
230 2907 416 2978 habuerint
432 2912 620 2980 minoresve
633 2933 766 2994 musas,
780 2908 905 3004 quibus
918 2910 1145 2979 concitentur.

79 3019 185 3111 iiajor
201 3020 269 3090 erit
291 3022 408 3104 timor,
427 3023 454 3090 si
474 3021 572 3117 pius,
599 3047 666 3115 quo
681 3039 908 3105 exterreatur,
930 3039 989 3092 aut
1007 3023 1148 3118 propius

79 3136 267 3225 aspexeri13
283 3137 395 3207 acrior
409 3135 599 3229 cupiditas,
621 3161 689 3232 quo
704 3136 796 3207 illam
809 3136 984 3232 amplioris
1000 3137 1053 3204 rei
1070 3160 1147 3232 spes
1213 3130 1216 3141 ’

78 3252 281 3319 evocaverit.
299 3253 336 3321 Si
362 3254 398 3320 in
420 3269 534 3322 nostra
548 3269 713 3347 potestate
728 3278 798 3321 non
820 3270 870 3322 est
891 3279 935 3321 an
953 3256 1021 3321 sint
1039 3254 1148 3322 affec·
1175 3296 1200 3330 u
1238 3335 1241 3342 ¹

109 3461 130 3494 ¹·
144 3445 251 3498 Eodem
269 3447 330 3500 loco.
342 3446 427 3521 Vulgo
446 3449 585 3517 eodemque
637 3447 682 3501 182
696 3467 732 3518 sq.
752 3447 791 3500 sd.
810 3449 885 3502 ilces-
896 3447 1063 3502 Tisdemsun.
1076 3447 1146 3518 Spst.

77 3523 134 3574 Ioco.
147 3522 203 3576 Nos
218 3520 336 3576 meliores
351 3523 428 3578 libros
444 3543 529 3578 sumus
542 3543 584 3578 se·
634 3525 687 3592 111,
701 3547 725 3598 p.
739 3525 795 3578 sss
805 3524 898 3578 Ruta.

77 3599 132 3652 tuti.
144 3599 228 3654 Schw·
667 3607 690 3658 5.
701 3603 735 3656 Sr'
745 3606 912 3671 dereliquid
915 3608 992 3670 juris.
1005 3603 1034 3658 Si
1044 3604 1086 3657 vel
1096 3605 1146 3658 mi·

106 3701 129 3732 a.
139 3679 209 3734 Sola
221 3686 307 3736 virtus
317 3682 407 3750 dubet,
415 3682 503 3756 supple
515 3695 585 3738 tcm-
635 3681 703 3734 nime
715 3682 777 3736 sinis
788 3701 818 3739 ss
828 3681 875 3734 tibi
885 3683 1022 3755 imperare,
1033 3696 1060 3735 ut
1071 3681 1146 3735 vertit

73 3773 262 3828 maresium·
283 3759 346 3815 Sola
357 3762 436 3816 virtus
452 3763 586 3838 temperari
634 3759 774 3830 Ιομωμ
785 3761 881 3814 ι’·Ρουν
891 3780 944 3828 peu
957 3780 1006 3832 que
1018 3780 1083 3814 νοω
1099 3781 1143 3816 ac·

76 3851 169 3907 potest:
180 3851 269 3892 contra
277 3859 330 3893 non
338 3840 469 3912 temperari
482 3852 586 3913 possunt
633 3841 734 3892 (οι-ἀίει
750 3841 878 3910 d’errsps're
888 3847 907 3892 d
917 3845 948 3894 la
957 3843 1083 3905 tristem,
1099 3852 1144 3897 etc.

74 3915 153 3970 animi
167 3918 243 3972 maia.
665 3913 690 3970 6.
698 3915 815 3971 Motibus
825 3921 925 3988 pravis.
939 3915 1144 3972 Bcnseddinde

105 3995 129 4046 3.
137 3997 236 4048 Animi
242 3997 586 4070 moladffietunpertusbt·
634 4015 648 4046 s
660 3994 754 4068 Lipsio.
768 3997 839 4051 Olim
850 3999 965 4052 moribus
976 4002 1068 4066 proris
1084 3996 1142 4052 cdd.

75 4071 252 4139 tiones,an
260 4073 300 4126 Ci'.
308 4074 362 4128 cic.
369 4075 539 4146 Tusc.qu.lV,
548 4096 585 4128 ro.
634 4087 658 4128 et
668 4077 748 4130 masti-
758 4077 840 4132 Sata.

104 4151 127 4214 4.
139 4149 258 4206 Mardos·
271 4151 340 4204 idem
356 4152 430 4208 docet
446 4151 498 4206 Cic·
510 4154 587 4208 Tuse.
668 4175 690 4222 7.
707 4156 823 4210 cessem
838 4156 925 4229 scripsi
941 4177 999 4208 mm
1013 4156 1053 4210 ed·
1065 4157 1100 4212 A.
1118 4167 1143 4209 et

74 4245 113 4294 qu.
121 4228 170 4297 lv,
184 4249 219 4283 ιο.
228 4229 301 4286 sub.
311 4230 399 4304 Eclog.
410 4232 448 4296 11,
460 4253 484 4301 7,
492 4252 516 4305 p.
526 4252 583 4300 roo,
633 4253 680 4286 ms.
693 4253 714 4288 c.
726 4234 812 4308 Vulgo
821 4244 943 4289 cmcans.
953 4233 1035 4288 Sctss.
