2975 4992
412 492 831 599 urrsronnnxx.
1093 493 1158 578 44³

96 625 230 718 simplex
248 641 283 692 et
300 625 410 694 facilia
423 642 495 709 eat,
515 622 637 720 quidni
654 625 736 693 huic
752 622 937 718 injicienda
952 624 996 690 ait
1014 624 1162 691 manue?

94 738 387 833 Quemadmodum
401 742 514 809 navim
529 742 675 835 eligam,
692 742 935 835 navigaturus,
956 754 990 807 et
1008 738 1158 825 domum,
1188 775 1218 811 ιο

94 857 321 946 habitaturuu3
349 860 396 927 ita
417 861 535 929 mortio
554 863 694 953 genue¹,
712 882 780 951 qua
798 859 860 927 aim
877 859 1027 926 exiturus
1041 880 1061 924 e
1075 858 1157 925 vita.

93 978 259 1043 Praeterea
277 976 561 1069 quemadmodum
582 999 651 1044 non
678 974 799 1067 ntique
815 974 936 1043 melior
955 988 1007 1042 eat
1027 972 1163 1067 longior

94 1094 181 1176 vita,
199 1096 251 1162 aie
266 1094 364 1188 pejor
383 1094 502 1187 utique
523 1117 614 1161 mora
638 1092 788 1187 longior.
807 1094 847 1160 In
864 1092 958 1161 nulla
974 1116 1013 1160 re
1032 1092 1159 1184 magia,

95 1234 193 1301 quam
213 1212 251 1278 in
265 1226 395 1294 morte,
422 1208 549 1279 morem
564 1210 679 1295 animo
698 1230 817 1303 gerere
837 1206 998 1277 debemus
1015 1234 1024 1278 t
1041 1225 1160 1292 exeat,

95 1347 157 1414 qna
173 1324 341 1417 impetum
359 1326 471 1417 oepit:
489 1325 561 1393 eive
577 1324 707 1393 ferrum
724 1322 875 1415 appetit,
892 1321 962 1391 eive
980 1320 1160 1415 laqueum,

95 1440 162 1506 aire
186 1439 339 1532 aliquam
363 1440 539 1535 potionem·
559 1464 665 1546 penna
691 1454 934 1533 occupantem,
961 1454 1105 1533 pergat,
1130 1453 1165 1507 et

94 1555 230 1624 vincula
254 1558 428 1625 servitutis
447 1553 649 1650 abrumpat!
676 1556 787 1626 Vitam
814 1573 850 1626 et
877 1556 954 1625 aliie
975 1558 1164 1649 approbare
1194 1596 1221 1631 ιι

95 1675 240 1765 quisque
258 1674 377 1759 debet,
396 1690 540 1743 mortem
555 1674 620 1741 eibi
633 1678 660 1741 ².
677 1674 814 1766 Optima
830 1690 901 1761 eat,
919 1699 993 1766 quae
1008 1675 1131 1767 placet.

137 1790 252 1860 Stulte
278 1789 351 1861 haeo
378 1784 596 1885 cogitantur³
624 1815 634 1856 ·.
663 1788 799 1882 Aliquis
824 1790 938 1874 dicet,
969 1814 1022 1859 me
1046 1816 1167 1885 parum

96 1906 230 1974 fortiter
260 1908 399 1995 lecisse3
426 1908 571 1999 aliquio,
595 1909 696 1974 nimia
715 1922 865 1994 temere;
887 1898 1033 1998 aliquis,
1064 1907 1167 1975 suinae

96 2019 237 2111 aliquod
258 2046 367 2114 genua
385 2022 502 2089 mortis
518 2022 713 2089 animosius.
729 2058 781 2073 —
793 2021 854 2088 Via
876 2037 914 2089 tu
938 2021 1110 2113 cogitare,
1133 2020 1168 2089 id

97 2138 130 2205 in
143 2138 305 2206 manibus
317 2162 391 2205 eoae
406 2138 607 2220 consilium,
623 2134 667 2207 ad
684 2134 777 2229 quod
793 2137 880 2205 fama
891 2159 960 2204 nou
974 2128 1168 2231 ‘pertiuetl

99 2390 148 2423 oon
158 2370 247 2422 minua
259 2406 267 2434 ,
279 2388 357 2441 quam
368 2370 390 2422 ia
403 2369 447 2440 qni
458 2369 510 2442 ipse
520 2369 609 2440 fungi·
657 2370 739 2436 qnasi
749 2367 788 2421 ed.
806 2368 842 2421 Β.
860 2367 913 2421 Alii
930 2368 1009 2441 vulgo
1027 2388 1081 2437 qno
1100 2388 1166 2421 anm.

98 2463 136 2502 tue
144 2447 273 2503 amittis
283 2447 370 2503 officio
380 2487 389 2513 ,
399 2450 512 2503 alienam
525 2468 609 2523 nego·
657 2446 753 2498 Omnia
766 2445 828 2512 ieta,
840 2449 879 2499 itu
888 2457 1023 2501 mortem...
1030 2450 1166 2514 exiturus,

99 2528 158 2579 tium
169 2547 247 2599 agere
260 2565 268 2592 ,
281 2526 327 2597 qni
346 2528 426 2579 vitam
442 2548 514 2580 auam
529 2539 610 2580 servat
660 2521 750 2574 derunt
761 2543 807 2577 ma.
821 2524 918 2595 drpb.
930 2526 991 2576 Post
1004 2524 1092 2590 verba,
1107 2527 1167 2578 evi·

99 2604 168 2658 atab
181 2604 291 2655 inimico
310 2604 446 2678 eripiatur,
459 2604 503 2675 qni
517 2623 547 2657 eo
559 2602 610 2656 line
659 2611 704 2666 ta,
715 2603 846 2655 meliorem
861 2601 984 2673 adjecerat
999 2604 1097 2657 Erasm.
1110 2624 1168 2657 eum

99 2683 181 2735 vivere
191 2680 397 2735 vultatinimieo
407 2680 611 2753 jubentemoria·
659 2679 700 2733 ed.
714 2681 752 2733 A.
765 2692 789 2733 et
805 2700 852 2733 nrt.
865 2701 885 2735 e.
903 2680 971 2753 quod
988 2682 1108 2753 ignorant
1125 2682 1170 2736 alii

100 2772 145 2812 tur.
155 2761 212 2813 Nee
223 2760 273 2813 ulli
285 2759 396 2813 dubitari
408 2759 494 2813 licebit
507 2761 569 2831 quin
581 2779 610 2812 ea
659 2770 718 2810 vett.
728 2757 804 2825 libri,
819 2770 934 2830 recteque
950 2757 1043 2812 delevit
1054 2759 1169 2830 Lipsiae,

100 2840 131 2891 eit
141 2842 246 2895 seneca
257 2838 398 2905 sententia,
409 2838 431 2891 ai
441 2840 611 2892 observaverit
659 2850 688 2890 ut
700 2857 713 2889 e
724 2836 822 2890 acholio
833 2836 976 2901 invectum
989 2836 1117 2891 revocavit
1126 2856 1171 2889 aa·

102 2938 130 2973 ex
142 2917 191 2971 hae
209 2918 358 2971 narratione
368 2917 419 2971 ltoe
426 2918 514 2991 colligi
523 2919 556 2972 ab
563 2938 612 2972 au·
660 2927 713 2969 tem
723 2916 808 2971 Rnbk.
820 2916 902 2971 Satn.

102 3007 371 3067 manuumque
383 2996 537 3069 partemulta
546 3008 611 3050 atate
693 3016 716 3049 a.
727 2998 848 3049 Vitam...
857 2994 917 3049 stbt.
933 2996 982 3045 lut,
998 3014 1125 3067 quemque
1137 2993 1172 3045 ita

104 3086 252 3147 argumenta
262 3073 355 3144 quibua
366 3073 468 3145 probari
480 3074 557 3144 poerit
567 3095 611 3127 eeu
660 3073 746 3126 vivere
763 3072 854 3125 debere
869 3082 898 3124 ut
913 3092 958 3124 sua
967 3070 1018 3125 vita
1024 3072 1066 3124 vel
1077 3072 1171 3125 raterio

102 3151 275 3221 mpaudam
293 3170 347 3205 eoae
358 3164 483 3217 mortem,
497 3170 544 3205 aen
557 3172 611 3205 aon
660 3149 794 3225 approbari
813 3149 907 3223 poeait3
919 3150 1017 3204 nullam
1027 3162 1111 3203 antam
1126 3149 1172 3202 lra-

104 3228 285 3303 oeenpandam.
295 3229 414 3284 Nostram
425 3229 614 3303 interpretatio·
661 3230 770 3283 bendam
782 3248 834 3281 esee
845 3228 921 3281 alieni
928 3228 1019 3299 judicii
1030 3228 1170 3297 rationem,

104 3326 160 3368 aem
180 3304 279 3379 recepit
300 3304 443 3377 Logmuge
462 3307 491 3360 in
513 3308 613 3362 Gallica
662 3326 740 3379 quum
759 3306 847 3361 mortis
869 3325 948 3379 genus
970 3306 1116 3379 eligendum
1133 3306 1173 3359 eit.

104 3387 225 3439 versione.
663 3384 726 3437 lnde
740 3384 816 3437 vertit
828 3382 968 3453 logrange
980 3400 989 3435 .·
1003 3384 1108 3437 chacun
1118 3386 1175 3437 doit

136 3482 157 3515 r.
168 3464 216 3517 lta
226 3464 323 3516 muts
330 3480 420 3532 genua
429 3464 471 3518 Sir
479 3465 614 3519 commode
662 3472 761 3531 compte
773 3482 833 3515 anx
844 3471 932 3515 autres
941 3464 973 3515 de
980 3482 1013 3515 sa
1024 3466 1080 3516 vie:
1089 3464 1173 3522 mats,

106 3542 142 3601 ed-
153 3544 205 3609 ld,
220 3564 276 3597 non
290 3543 335 3607 (ut
345 3541 442 3613 vulgo)
453 3549 494 3597 ito
506 3554 615 3598 mum
660 3560 764 3609 poem
771 3540 942 3606 mort,e'1n'en
948 3542 1103 3610 doitcompte
1109 3542 1175 3609 qa’t

106 3620 613 3693 utt'qru.Neetameninficiorpoaaeetiam
665 3620 808 3671 tuimeme.

108 3698 154 3750 duo
174 3700 220 3752 illa
240 3698 335 3763 verba,
357 3700 448 3756 mortis
464 3714 562 3765 genus,
585 3718 615 3749 ea
696 3694 721 3747 3.
732 3694 817 3749 Stulte
828 3694 1175 3765 haccogttanrurrAttquis

108 3774 199 3829 acholio
209 3776 314 3828 invecta
324 3792 393 3838 eoae,
405 3791 452 3841 pro
464 3794 518 3825 nno
527 3772 616 3829 vocab.
663 3776 790 3829 dicet-int
799 3774 852 3845 Qui
862 3772 988 3827 moriendi
996 3772 1124 3844 quoddam
1133 3792 1176 3845 ge·

108 3862 219 3921 undena.
232 3849 332 3923 Adjicit
348 3851 436 3903 eadem
451 3851 491 3904 ed.
503 3852 539 3905 R.
554 3870 616 3904 ver·
663 3872 711 3908 nna
722 3851 798 3925 elegit
806 3852 909 3905 atnltitia
917 3851 1028 3917 laborat,
1039 3851 1060 3903 ai
1069 3848 1117 3903 sibi
1128 3850 1175 3903 ista

110 3933 167 3986 lum
181 3939 301 4007 eligam
316 3932 388 4005 quod
404 3931 540 4003 equidem,
561 3946 616 3986 nte
665 3928 754 4001 objicit
766 3948 772 3983 :
784 3933 818 3983 Ar
829 3930 918 4002 aliquia
929 3930 1011 3996 dicet,
1025 3942 1071 3981 ete.

110 4012 199 4065 acholio
214 4013 353 4087 repetitum
362 4047 370 4076 ‚
388 4010 556 4086 pretermisi:
573 4010 617 4064 aed
700 4012 724 4077 4.
742 4012 791 4063 Ad
801 4014 873 4081 quod
879 4010 962 4081 samo
974 4032 1026 4063 non
1040 4010 1175 4081 pertinet?

110 4090 169 4145 nihil
177 4104 264 4145 hmen
272 4108 432 4163 magnopere
441 4089 556 4156 vetabat,
568 4109 618 4161 qno
667 4090 721 4141 Nee
731 4088 801 4141 enim
812 4088 865 4161 ipse
876 4106 931 4141 eam
942 4087 1072 4140 auditurus
1084 4105 1127 4152 εις
1140 4098 1177 4139 at-

112 4172 187 4224 miuna
194 4182 347 4225 terraretur.
358 4170 541 4238 Moaqmre‘m
551 4170 617 4234 (non
667 4186 717 4239 qne
729 4186 760 4219 eo
772 4187 847 4220 aenan
858 4185 910 4219 non
926 4165 1033 4239 pertinet
1045 4182 1052 4219 :
1069 4164 1179 4239 pertinet

113 4271 158 4325 pto
174 4258 247 4321 sum)
265 4264 336 4319 reete
354 4250 394 4304 ed.
409 4252 476 4305 Ven.
493 4248 617 4302 Mendoee
668 4258 769 4314 tamen,
783 4246 868 4318 sipon
883 4258 907 4297 te
921 4244 993 4297 etiam
1007 4244 1039 4298 de
1054 4262 1082 4297 ea
1098 4260 1178 4303 curae.
