2975 4992
350 517 621 588 EPISTOLA
642 517 854 588 LXXXII.
1070 515 1146 586 555

82 671 141 717 uon
152 645 310 716 molliter.
325 647 418 716 Mula
429 645 515 716 mihi
528 652 622 716 eete¹
636 647 736 732 malo,
752 648 855 740 quam
867 645 1027 716 molliter.
1042 647 1139 714 Male

83 787 161 834 nune
177 767 226 834 aio
241 767 404 860 accipe²,
427 763 709 859 quemadmodum
732 789 754 834 a
770 757 921 860 populo³
942 764 1029 833 aolet
1044 764 1135 850 diei,

83 883 176 964 dure,
192 905 335 975 aspere,
351 881 533 952 laboriose.
552 879 684 952 Audire
696 881 841 950 solemur
851 881 902 950 oie
914 878 1138 973 quorumdam

82 996 172 1062 vitam
184 994 338 1081 laudari,
357 995 481 1089 quibua
495 993 670 1064 invidetur
686 1021 694 1061 ε
712 992 864 1063 Molliter
880 989 986 1063 vivit!
1003 993 1068 1061 boc
1081 993 1139 1060 di-

83 1125 170 1194 eunt,
181 1111 291 1179 maluo
308 1105 390 1180 eal!
408 1111 575 1187 Paulatim
593 1111 683 1204 euim
694 1109 910 1178 effeminatur
921 1110 1066 1192 animun,
1085 1123 1139 1175 at·
1164 1142 1179 1174 ι

83 1247 140 1316 que
153 1225 190 1292 iu
207 1225 467 1296 similitudinem
486 1229 549 1296 otii
569 1228 622 1298 oui
644 1242 678 1295 et
697 1227 866 1322 pigritie,
886 1226 925 1293 iu
940 1249 1008 1318 qua
1021 1225 1136 1317 jacet,

82 1340 222 1409 solvitur.
241 1341 338 1436 Quid
351 1367 434 1438 ergo
446 1345 461 1412 l
475 1343 550 1413 viro
565 1366 634 1412 uon
649 1342 704 1413 vel
718 1341 936 1436 obrigoeoere
949 1343 1053 1410 natiue
1065 1342 1142 1410 eati

81 1457 200 1527 Deinde
220 1458 358 1528 delicati
384 1461 505 1529 timent
524 1476 688 1546 mortem,
707 1460 764 1528 oui
783 1460 889 1528 vitam
910 1482 1004 1528 ouum
1028 1459 1141 1526 faeere

80 1575 222 1642 similem.
243 1577 392 1646 Multum
407 1569 573 1646 intereat⁵
597 1577 688 1646 iuter
711 1577 837 1661 otium,
863 1591 899 1645 et
914 1573 1137 1644 eonditivum.

85 1689 213 1782 -Quid
227 1695 334 1786 ergo?
348 1695 462 1786 inquis
476 1721 485 1762 ι
497 1717 565 1762 non
583 1695 688 1762 eatiua
703 1708 755 1760 eat
769 1691 826 1760 vel
839 1692 1022 1783 dejecere,
1040 1713 1142 1782 quam

82 1807 145 1874 istie
166 1807 356 1877 officiorum
381 1800 589 1878 vorticibue⁶
610 1808 758 1877 volutari
770 1811 1004 1899 i-Utruque
1019 1830 1075 1878 reo
1092 1805 1143 1874 le·

83 1925 237 2010 aliaest,
258 1941 293 1994 et
306 1926 491 1996 contractio
502 1975 521 2014 ,t
543 1941 577 1994 et
598 1941 727 2020 torpor.
744 1927 832 1994 Puto
842 1927 868 2008 ⁷,
892 1947 1012 2017 aeque,
1028 1924 1140 2017 quiin

83 2035 231 2106 odoribus
257 2039 369 2131 jacet,
397 2055 550 2110 mortum
579 2055 648 2123 eet,
670 2062 775 2132 quam
798 2040 858 2131 qui
883 2039 1015 2132 rapitur
1033 2059 1135 2106 unoo.

86 2153 192 2224 Otium
208 2155 285 2224 eine
303 2145 445 2224 litteria⁸
460 2177 551 2224 mora
566 2169 638 2241 eat,
655 2169 690 2223 et
704 2152 853 2224 hominia
864 2155 936 2223 vivi
951 2153 1136 2250 aepultura.
1164 2159 1182 2211 ³

113 2425 130 2456 ι.
145 2403 218 2457 Male
233 2405 303 2458 arilei
317 2421 374 2457 esre
390 2405 478 2470 molo,
498 2425 582 2476 quam
629 2401 1141 2478 iuquirfquoeuaturaliatuuttiguaob-

84 2483 189 2535 molliter.
198 2480 292 2535 Simile
302 2494 339 2535 eit
349 2481 414 2536 illud
423 2482 581 2538 Antiatbeuia
628 2483 744 2556 jectiouia
754 2503 856 2538 :rentur
869 2503 929 2556 ergo
941 2495 990 2537 eat:
998 2481 1082 2534 Nemo
1094 2500 1139 2536 ve·

84 2559 139 2632 apud
148 2561 224 2634 Diog.
235 2561 366 2626 laertVl,
380 2561 405 2628 3,
415 2561 582 2630 montalpra-
629 2573 665 2615 tut
672 2583 705 2616 ue
712 2561 844 2635 quieaeatia
852 2562 908 2626 3aed
916 2559 1018 2634 possetis
1025 2559 1077 2612 otio
1086 2557 1140 2612 frui

85 2641 117 2688 lm
132 2638 147 2694 ἥ
162 2640 274 2704 iubilate,
293 2637 362 2708 quod
386 2639 505 2690 Erasmus
522 2656 580 2690 cum
628 2639 701 2693 aliter
712 2659 790 2711 quam
801 2640 964 2714 vosmetipaot
973 2637 1127 2709 sepeliendo.
1229 2653 1236 2666 ‘

84 2715 147 2768 Sexto
155 2715 288 2790 Empiriuo
296 2716 404 2790 Epicuro
411 2716 477 2770 male
485 2716 579 2770 tribuit.
640 2737 643 2743 ’
662 2717 686 2770 6.
699 2717 775 2790 Osfia
785 2727 852 2769 vort-
861 2719 884 2769 l.
896 2737 918 2770 e.
930 2715 1139 2784 salutationibus,

85 2793 164 2846 Iiultlr.
631 2813 688 2868 que
702 2794 846 2867 praecultus
858 2794 1047 2867 praestabantur,
1060 2807 1084 2848 et
1096 2815 1140 2849 tu·

110 2893 129 2924 a.
141 2873 215 2928 Male
232 2893 302 2927 nuuc
318 2877 356 2928 sir
369 2877 463 2944 occipe-
479 2872 583 2943 Excipe
631 2873 688 2927 teria
697 2874 773 2947 unffi
781 2873 878 2941 aulicis,
888 2873 978 2945 quibus
988 2878 1089 2927 animur
1099 2896 1141 2929 oe·

83 2949 111 3003 li.
124 2971 148 3003 o.
157 2971 177 3004 r.
194 2952 267 3022 quod
281 2954 361 3006 teneri
372 2965 493 3026 potuerat.
507 2951 583 3006 Cous.
631 2965 743 3024 cupatur,
756 2953 869 3015 vertitur,
883 2952 992 3024 ideoque
1007 2951 1141 3006 contrabi·-

83 3029 133 3080 Not.
144 3029 176 3081 ad
186 3030 236 3083 loe.
244 3029 360 3082 tituiliu
377 3030 456 3104 Epire
467 3048 516 3085 x11.
526 3031 584 3084 Re·
631 3041 682 3097 tur,
695 3043 722 3083 ut
738 3031 817 3084 uullio
830 3031 886 3084 aliia
898 3032 971 3085 rebue
982 3031 1141 3105 gravioribus
1201 3053 1206 3062 ·

83 3106 172 3176 petitam
180 3125 272 3162 vocem
284 3108 445 3176 muletarum,
454 3128 469 3161 a
478 3109 579 3162 Murato
631 3127 733 3181 operam
745 3127 838 3162 narare
849 3127 896 3162 uer
913 3110 992 3183 pouit
1006 3129 1059 3162 uec
1070 3109 1141 3164 velit.

83 3205 106 3236 er
121 3185 220 3258 eoujeet.
235 3186 368 3260 adjectam.
380 3187 441 3243 Hoc
456 3191 482 3242 η’
496 3191 581 3258 aoeipae
630 3189 721 3244 flulti.

83 3265 202 3318 edllubk.
211 3286 242 3321 ea
254 3285 307 3319 uuo
318 3266 372 3319 Pal.
383 3279 436 3320 tert.
447 3265 529 3322 Solo.
663 3291 686 3340 7.
699 3270 804 3324 Pam...
822 3291 893 3325 uuoo.
913 3271 1033 3343 Apposite
1054 3268 1141 3322 laudat

109 3343 129 3396 3.
139 3345 276 3416 Apopulo.
289 3345 337 3398 lut.
346 3344 373 3397 iu
381 3345 431 3398 vita
440 3343 580 3400 communi.
628 3349 727 3422 Lipsius
740 3348 885 3422 Tbeoguid.
897 3347 958 3413 1145
972 3347 1076 3415 (Brun.)
1087 3337 1142 3400 τί·
1255 3355 1258 3359 ’

109 3424 233 3488 dilatus
246 3435 292 3478 est.
304 3423 369 3477 Cum
378 3425 488 3478 Grutero
499 3439 578 3489 tueor,
629 3429 749 3482 σπᾶλαθοῐ
775 3451 800 3493 γε
820 3431 928 3486 τάπησιν·
950 3430 1030 3496 ὃμοῑον
1048 3431 1140 3496 «upupa

82 3519 187 3572 rerpueua
198 3503 579 3574 molliseat,quamleetiouem
629 3505 735 3560 Sardoa.
755 3505 796 3557 De
816 3525 895 3570 unco,
918 3524 969 3576 quo
987 3524 1001 3558 a
1020 3505 1138 3559 carnifice
1247 3523 1252 3532 ·

83 3577 145 3630 redd.
159 3579 274 3634 Gronov.
289 3581 457 3633 commendat.
468 3581 560 3634 Utrum
568 3609 581 3622 ·
629 3583 725 3637 mortui
736 3583 861 3657 imprimis
872 3601 916 3659 per
925 3583 1099 3657 viaapublicas
1108 3583 1140 3635 ad

83 3675 123 3725 que
135 3672 251 3730 prestant
263 3661 337 3713 eodd.
352 3681 411 3714 mas.
425 3660 493 3714 Illud
504 3681 581 3715 neruo
630 3662 744 3715 Tiberim
761 3683 781 3716 a.
798 3662 831 3714 ad
845 3662 923 3716 italas
934 3662 1073 3716 Gemonias
1083 3675 1141 3714 tra-

82 3739 199 3793 uuteutiae
216 3752 242 3792 et
262 3739 395 3794 aemilium
410 3741 517 3796 auctorit
530 3763 581 3815 po·
629 3740 765 3807 habentur,
779 3752 840 3793 uota
850 3752 909 3793 aunt
921 3740 1016 3792 omnia.
1027 3739 1117 3792 fluor.

83 3815 171 3868 ululant.
184 3817 276 3870 Ruta.
402 3861 406 3871 .
663 3819 687 3872 8.
696 3819 787 3872 Otium
800 3822 856 3872 sine
867 3821 985 3872 litteris...
995 3819 1140 3886 sepultum.

110 3899 130 3947 5.
142 3896 260 3949 Multum
273 3900 401 3949 interest...
413 3897 579 3950 conditivum.
631 3897 771 3970 Egregium
785 3899 911 3962 effatum,
926 3897 995 3969 quod
1007 3894 1098 3967 tuique
1110 3895 1138 3947 iu

83 3972 189 4042 objectio
201 3989 245 4030 eat.
257 3978 292 4029 At
303 3973 372 4030 euim
384 3976 453 4028 iuter
463 3975 545 4027 otium
558 3985 582 4026 et
630 3977 779 4030 memoriam
789 3976 917 4029 revocavit
926 3989 950 4028 et
957 3974 1021 4028 illud
1031 3973 1139 4027 Cicero-

82 4053 227 4106 eouditivum
246 4055 263 4107 i.
284 4073 306 4107 e.
327 4053 467 4127 repuleram
487 4052 582 4125 (Epist.
630 4053 669 4106 uis
680 4054 762 4119 (Orat.
774 4072 819 4126 pro
829 4052 905 4105 Arcb.
917 4074 938 4106 e.
952 4056 976 4122 7)
986 4053 1141 4106 :afluente-

82 4144 124 4194 u,
140 4135 166 4197 3)
186 4132 294 4185 multum
319 4133 428 4188 intereat.
450 4132 583 4186 1551..-
629 4130 671 4184 dia
682 4131 873 4185 adolescentiam
884 4130 972 4193 alunt,
984 4142 1139 4182 senectutem

84 4205 120 4258 Sic
136 4208 219 4265 Rulli.
236 4224 261 4263 at
279 4211 387 4284 objectio
400 4231 455 4264 uou
469 4209 581 4280 incipero
629 4209 773 4277 oblectant,
788 4209 910 4287 secundm
925 4227 964 4261 res
975 4217 1081 4273 ornant,
1093 4207 1139 4259 ad·

83 4303 143 4358 poue
154 4288 250 4343 videtur
266 4301 324 4344 ante
340 4309 414 4345 voert
428 4291 496 4360 quid
504 4289 581 4360 ergo?
629 4289 706 4343 versia
728 4287 873 4361 perfugium
895 4299 920 4342 et
930 4287 1055 4343 tolatiom
1073 4304 1139 4358 pue-
