2975 4992
291 392 372 471 '118
596 400 636 471 L.
662 400 840 471 ANNAEI
863 400 1078 470 SENECAE

306 534 393 601 latus
404 545 455 599 cst
465 536 488 597 ¹.
500 531 561 599 Ille
576 583 585 615 ,
603 533 662 624 qui
673 531 781 601 vidit²
796 534 994 627 sanguinem
1007 556 1103 600 suum
1117 582 1126 613 ,
1140 532 1237 625 cujus
1248 530 1376 599 dentes

249 724 251 729 ,
305 666 513 742 crepuerunt
534 649 596 720 sub
614 674 727 743 pugno
742 679 753 735 3
773 651 859 732 ille,
881 651 941 741 qui
959 650 1194 743 supplantatus
1208 646 1376 719 adversa·

309 768 395 835 rium
414 780 482 833 toto
500 765 577 833 tulit
591 790 750 859 corpore,
771 790 836 833 nec
850 766 996 857 projecit
1011 766 1160 833 animum
1173 766 1374 857 projectus3

311 884 370 975 qui
384 933 408 965 ,‚
430 882 563 973 quoties
597 880 718 951 cecidit
733 933 742 968 ,
777 882 1007 949 contumacior
1035 882 1221 949 resurrexit
1247 911 1257 967 3
1296 904 1377 949 cum

266 1012 282 1064 3
309 1021 430 1089 magua
443 1021 502 1089 spe
517 996 692 1064 descendit
705 993 748 1063 ad
762 1020 924 1089 pugnam.
936 1000 1026 1089 Ergo
1038 1046 1048 1079 ,
1062 1013 1102 1063 ut
1115 995 1378 1065 similitudinem

307 1114 403 1179 istam
417 1136 625 1205 prosequar,
645 1136 733 1207 saepo
742 1112 813 1207 jam
827 1114 962 1181 fortuna
975 1137 1078 1206 supra
1091 1127 1126 1181 te
1140 1113 1204 1181 fuit
1218 1142 1227 1197 3
1246 1138 1312 1181 nec
1322 1128 1380 1180 ta-

309 1254 386 1297 men
404 1228 571 1297 tradidisti
588 1247 642 1313 tc,
663 1230 724 1299 sed
738 1230 949 1313 subsiluisti,
965 1248 1000 1301 et
1015 1232 1128 1299 acrior
1142 1226 1347 1301 'constitisti
1366 1256 1374 1293 ε

310 1343 450 1413 multum
468 1345 557 1411 enim
569 1344 686 1437 adjicit
697 1345 763 1412 sibi
773 1347 881 1413 virtus
894 1338 1081 1414 lacessisa⁴.
1099 1346 1254 1427 Tamen,
1270 1346 1300 1411 si
1311 1344 1377 1410 tibi

309 1458 465 1540 videtur,
493 1461 608 1552 accipe
625 1482 645 1525 a
663 1484 716 1527 mc
738 1460 887 1543 auxilia,
905 1460 1030 1552 quibus
1048 1460 1182 1528 munire
1199 1474 1233 1527 te
1252 1462 1375 1553 possis.

310 1572 412 1642 Plura
426 1590 515 1656 sunt,
528 1574 652 1656 Lucili,
668 1599 743 1667 quae
754 1598 814 1642 nos
830 1590 970 1655 terrent,
981 1599 1083 1666 quam
1098 1598 1173 1665 quae
1187 1589 1347 1665 premunt
1368 1598 1375 1636 :

314 1704 349 1756 et
362 1692 483 1782 saepius
496 1692 676 1783 opinione,
691 1716 792 1783 quam
806 1715 843 1761 ra
858 1738 868 1772 ,
884 1690 1087 1758 laboramus.
1103 1693 1179 1758 Non
1194 1689 1317 1782 loquor
1331 1706 1381 1757 te·

318 1832 393 1874 cum
405 1810 514 1875 Stoica
527 1807 663 1907 lingua,
676 1808 735 1874 sed
750 1808 814 1875 bac
833 1808 1071 1918 summissiore.
1093 1810 1162 1875 Nos
1181 1808 1273 1875 enim
1286 1804 1379 1874 dici-

314 1946 409 2005 mus,
432 1923 544 1989 omnia
563 1923 625 1989 ista
647 1944 722 2013 quae
749 1921 892 2013 gemitus
916 1923 1132 2014 mugitusque
1155 1922 1376 2015 exprimunt,

272 2052 288 2116 t
314 2028 1378 2130 leviaesse,etcontomneuda.Omittamusbaecmagua⁵verba,

314 2151 395 2235 sed,
417 2154 473 2221 Dii
492 2148 597 2219 boni!
620 2175 711 2218 sera.
732 2150 821 2218 Illud
848 2151 910 2217 tibi
931 2153 1112 2245 praecipio,
1141 2176 1185 2218 ne
1204 2153 1252 2219 sis
1276 2152 1382 2219 miser

314 2286 393 2335 ante
408 2282 538 2359 tempus
547 2290 556 2357 3
573 2292 676 2360 quum
690 2266 767 2347 illa,
783 2290 856 2358 quae
869 2266 963 2333 velut
977 2268 1185 2336 imminentia
1199 2268 1380 2361 expavisti,

351 2518 371 2577 ι’.
388 2523 552 2594 Suggillatus
570 2533 614 2577 est.
627 2521 715 2578 Livida
728 2520 821 2574 verbe·
871 2521 981 2593 vulgata
996 2537 1004 2571 ι
1011 2520 1088 2591 fudit
1103 2520 1218 2593 Lipsius,
1239 2518 1382 2581 Gruterus,

314 2626 370 2661 rum
381 2604 498 2676 vestigia,
509 2604 621 2667 derdere,
632 2602 822 2676 suggillatioues
872 2599 984 2652 Modius.
998 2599 1072 2651 Prior
1083 2600 1179 2650 confert
1190 2597 1222 2649 de
1232 2594 1385 2649 Providerat.

314 2682 521 2749 (subciliationes,
531 2700 546 2733 a
557 2680 628 2745 cilio,
640 2680 686 2731 be.
698 2690 765 2750 parte
777 2678 823 2736 sub
872 2696 894 2728 e.
906 2679 936 2742 4,
951 2696 963 2745 7
979 2676 1114 2744 ,audacter
1124 2687 1256 2728 veteranus
1265 2683 1384 2727 eruorem

316 2764 403 2819 oculis.
408 2760 531 2829 Festus),
541 2780 603 2833 quas
611 2759 708 2831 pugiles
718 2756 825 2809 cestibus
872 2775 947 2808 soum
958 2767 1063 2827 spectat,
1070 2753 1115 2824 qui
1125 2754 1173 2805 seit
1184 2772 1211 2805 se
1218 2770 1284 2825 sepe
1294 2752 1385 2805 vicisse

316 2844 438 2917 pugnisve
450 2842 496 2893 sibi
510 2841 618 2893 invicem
632 2838 744 2913 infligere
757 2836 823 2888 sole-
871 2850 927 2910 post
936 2835 1088 2905 sauguinem
1098 2852 1104 2886 :
1116 2833 1180 2885 adde
1191 2832 1254 2885 ibid.
1265 2832 1280 2899 ς
1290 2838 1316 2896 4.
1327 2831 1363 2882 R.

316 2922 385 2975 bant
403 2922 472 2973 Hine
486 2918 584 2991 pugiles
601 2916 705 2969 testibus
724 2912 823 2967 contusi
905 2916 928 2971 3.
949 2908 1099 2969 Coirstitr‘sti.
1108 2914 1185 2966 Recte
1197 2910 1334 2985 eplnribns
1347 2910 1386 2963 li-

319 3005 370 3074 (ap.
386 3002 438 3053 cie.
450 3001 523 3053 Tunc.
542 2998 574 3064 Q.
585 2998 625 3061 ll,
641 2998 687 3061 to)
698 3007 722 3047 et
736 2992 823 3066 inpti·
872 2996 922 3048 bris
934 3008 959 3047 et
971 3008 1053 3047 vetere
1066 2994 1176 3047 editione
1186 2992 1294 3044 restituit
1302 2990 1384 3043 Grou.

318 3079 365 3131 mis
377 3077 478 3130 auribus
489 3076 572 3128 fractis
581 3112 588 3141 ,
597 3074 753 3135 ὦτοθλαδῖαι,
767 3078 823 3124 ‹irs-
872 3072 917 3144 qui
929 3072 1030 3144 egregie
1048 3072 1144 3123 conlert
1156 3070 1203 3142 Ep.
1213 3082 1291 3129 xm,
1307 3087 1330 3135 7,
1345 3080 1386 3119 at·

318 3158 441 3219 κατάξεις,
462 3158 482 3205 οἱ
507 3158 536 3205 τὶ
555 3150 601 3205 dee
621 3150 760 3212 ursariae.
782 3149 824 3199 Ci-
872 3150 1084 3213 milensimam,
1109 3146 1227 3198 adversus
1249 3142 1386 3197 formidata

318 3236 421 3305 Menag.
438 3230 469 3284 ad
489 3232 600 3301 Diogen.
618 3230 699 3281 baert.
721 3228 761 3290 V,
783 3227 824 3291 57.
873 3228 989 3281 consiste.
1000 3229 1040 3277 Be
1054 3224 1094 3277 lra
1107 3226 1181 3290 ll,7,
1194 3228 1223 3289 3,
1236 3223 1281 3275 ubi
1293 3235 1330 3274 est
1337 3242 1387 3275 vox

319 3310 528 3363 Wiuckelmann
536 3307 644 3361 blosius.
655 3305 776 3377 ineditp
786 3304 824 3373 76.
873 3305 981 3357 forensis
993 3321 1094 3374 quoque
1107 3301 1202 3375 litigii,
1218 3299 1330 3354 derivata
1342 3296 1387 3350 iu·

318 3390 359 3441 De
367 3390 433 3441 lucta
442 3400 466 3441 et
474 3387 612 3461 pugillatu,
626 3385 754 3455 exquibus
764 3402 825 3455 pan·
873 3381 922 3445 de,
935 3382 1045 3452 quodie
1058 3377 1158 3433 athletis
1177 3389 1200 3430 et
1214 3376 1387 3450 pugnantibus

318 3462 741 3529 cratiumconstabatflidbristot.
752 3462 825 3513 tttst
874 3461 951 3515 etiarn
969 3472 1045 3513 statos
1063 3455 1249 3519 observabatur,
1271 3454 1341 3506 unde
1358 3453 1386 3505 ln

319 3541 452 3611 t‚5,fin.
464 3544 496 3594 Τ.
509 3543 554 3606 lv,
567 3541 623 3611 Rip.
635 3538 824 3601 Pausan.Vlll,
873 3550 937 3590 stetu
952 3553 1042 3599 stare,
1062 3535 1163 3587 similia.
1193 3532 1296 3585 Oomet.
1320 3532 1385 3601 Nep.

319 3625 351 3687 lo
365 3622 419 3674 init.
431 3620 489 3671 Fae.
505 3632 529 3685 et
542 3616 578 3673 lbi
597 3618 711 3671 laudatus
727 3613 821 3667 Plrilo-
874 3618 986 3672 Chabris
999 3638 1020 3667 e.
1042 3637 1051 3667 ι
1073 3614 1118 3666 lin.
1138 3618 1235 3667 Anteat
1252 3612 1385 3672 restitisti,

320 3713 386 3755 strat.
398 3701 466 3751 leon.
476 3698 547 3763 ll,b.
556 3696 732 3751 Adversarium
744 3697 828 3765 itaque
875 3716 950 3747 seusu
961 3714 1047 3768 parum
1060 3694 1167 3746 diverso.
1178 3686 1268 3743 nott.

320 3798 406 3851 pugno
418 3777 483 3827 male
500 3776 632 3840 mulctare,
655 3792 712 3825 eum
724 3772 788 3846 pede
800 3790 828 3821 er
910 3772 933 3835 lp
950 3770 1067 3823 Merinum
1083 3772 1150 3821 errr'm
1162 3770 1253 3831 aetate
1264 3764 1317 3817 stet
1331 3768 1387 3815 erir-

321 3856 377 3908 loco
391 3854 487 3906 dimoto
501 3862 680 3925 prosterneres
699 3853 830 3918 supplan-
877 3860 920 3901 tus
937 3853 1066 3903 recessere.
1086 3844 1196 3913 Crescit,
1216 3859 1242 3897 et
1263 3854 1292 3895 ut
1314 3854 1386 3894 vetus

320 3948 395 4001 tarr,
416 3936 543 4003 apellius,
570 3946 593 3984 et
615 3931 707 3985 deinde
731 3929 826 3983 tollunt
875 3925 1072 4004 poeta,vireseit
1081 3924 1186 3977 vulnere
1195 3922 1282 3976 virtus.
1294 3916 1370 3988 lips.

321 4032 433 4085 premere
451 4024 475 4064 et
491 4009 722 4082 suffocarefpropria
734 4024 826 4079 pugnte
910 4009 933 4059 5.
952 4006 1114 4057 Omittamus
1126 4002 1180 4055 ἦα
1188 4015 1286 4068 mepta
1299 3998 1387 4050 uerbo.

322 4090 501 4143 erensltultr.
877 4084 932 4139 Nisi
958 4082 1085 4136 lucilium
1109 4081 1195 4133 stoice
1218 4074 1386 4153 pbilosopbiae

355 4188 378 4223 a.
396 4169 474 4221 thtr
485 4190 498 4220 e
510 4169 595 4242 pristis
604 4168 674 4221 libris
690 4166 826 4239 presserunt
879 4160 968 4213 rudem
978 4158 1054 4211 finisse
1062 4169 1211 4221 statuamus,
1223 4153 1294 4205 nubs
1302 4151 1387 4205 subest
