2975 4992
329 387 395 453 260
616 384 657 450 L.
683 384 860 452 ANNAEI
885 383 1106 453 SENECAE

329 529 419 581 tuam
440 514 589 605 accipin,
613 528 653 579 ut
671 518 758 580 non¹
785 514 941 605 protinus
957 538 1025 581 una
1043 514 1160 582 simus.
1181 515 1217 582 Si
1235 516 1396 607 imagines

327 628 426 695 nobis
436 626 621 693 amicornm
634 624 994 721 absentiumjucundae
1006 642 1084 695 sunt
1091 676 1104 712 ‚
1114 650 1189 717 quae
1204 629 1395 695 memoriam

328 758 513 829 renovant,
529 758 564 810 et
573 740 781 811 desiderium
790 742 951 809 absentiae
964 741 1048 810 falso
1057 758 1159 834 atque
1173 743 1269 810 inani
1280 741 1396 810 solatio

328 862 460 945 levaut3
477 874 603 951 quanto
615 856 841 951 jucundiores
860 873 938 925 sunt
953 858 1096 941 litterae3
1116 882 1190 949 quae
1206 882 1287 926 vera
1299 862 1394 925 amici

327 976 479 1045 absentis
503 976 670 1068 vestigia,
697 998 796 1042 veras
818 990 914 1041 notas
934 973 1107 1043 afferunt?
1122 976 1229 1055 Nam,
1254 972 1346 1065 quod
1363 977 1397 1040 in

327 1107 512 1187 conspeetu
522 1090 754 1159 dulcissimum
772 1105 823 1157 est
832 1095 860 1175 ²,
876 1090 914 1157 id
925 1091 1024 1158 amici
1039 1114 1159 1159 manus
1172 1091 1323 1184 epistolae
1336 1092 1398 1158 im-

326 1234 442 1305 pressa
459 1224 610 1302 prestat,
631 1228 834 1301 agnoscere.

288 1366 302 1395 2
376 1326 519 1396 Audisse
535 1342 586 1409 te,
604 1326 744 1406 scribis,
761 1326 979 1418 Serapionem
993 1325 1239 1418 philosophum
1249 1322 1261 1359 ³
1273 1375 1285 1409 ‚
1297 1352 1396 1417 quum

328 1444 415 1510 istuc
427 1441 664 1535 applicuisset3
679 1439 789 1506 solere
800 1462 921 1534 magno
931 1462 1032 1506 eursu
1043 1439 1146 1505 verba
1161 1433 1395 1518 ‘convolvere

329 1584 403 1651 quae
418 1583 487 1626 non
500 1555 644 1625 effundit
654 1548 680 1637 ⁵,
698 1556 800 1624 immo
812 1558 936 1647 premit
948 1573 983 1623 et
995 1571 1113 1648 urget3
1129 1556 1229 1650 piura
1239 1557 1332 1624 enim
1344 1580 1401 1622 ve-

330 1677 448 1757 nium,
471 1697 573 1765 quam
591 1672 716 1765 quibus
731 1696 800 1739 una
817 1695 880 1739 vox
896 1671 1054 1738 sufficiat.
1072 1674 1145 1740 Hoe
1160 1697 1228 1739 non
1243 1672 1351 1764 probo
1366 1674 1399 1737 in

331 1790 551 1885 philosopho,
566 1788 664 1880 eujus
677 1785 909 1879 pronuntiatio
924 1810 1081 1878 quoque,
1094 1789 1181 1855 sicut
1196 1789 1286 1869 vita,
1303 1786 1399 1854 debet

289 1928 305 1980 3
331 1932 405 1977 esse
423 1907 608 1998 composita
631 1904 743 1972 :nihil
763 1918 876 1971 autem
896 1902 1086 1971 ordinatum
1106 1920 1176 1986 est,
1198 1904 1293 1996 quod
1311 1929 1399 1997 prae-

331 2026 491 2117 eipitatur
515 2038 549 2091 et
574 2035 747 2114 properat.
773 2022 893 2110 ltaque
906 2019 1014 2085 oratio
1031 2019 1089 2087 ilia
1107 2020 1199 2112 apud
1217 2024 1399 2089 Homerum

331 2142 516 2226 concitata,
536 2154 571 2208 et
586 2139 660 2206 sine
677 2136 928 2205 intermissione
942 2135 979 2202 in
997 2157 1122 2203 morem
1137 2138 1226 2206 nivis
1236 2162 1398 2232 superve-

365 2398 386 2439 t.
402 2378 439 2440 Ut
455 2406 513 2438 non.
534 2383 608 2455 Quin
620 2403 685 2436 unus
697 2393 783 2435 noster
798 2401 844 2433 ms.
927 2377 950 2443 lp
964 2378 1050 2431 Verbo
1061 2382 1212 2433 convolvere.
1223 2380 1271 2435 sic
1281 2382 1402 2435 ealdindr

331 2460 355 2517 ὁ.
367 2464 499 2517 commode
510 2500 518 2527 ‚
529 2462 572 2515 sed
583 2481 612 2514 ex
623 2461 729 2514 scholio.
740 2462 773 2511 Et
782 2460 845 2512 alibi
894 2458 924 2509 ab
937 2459 1042 2511 Erasmo
1053 2497 1061 2522 ‚
1075 2478 1104 2510 ex
1116 2459 1192 2530 ipsius
1203 2462 1312 2533 quidem
1323 2465 1402 2537 (puto)

332 2538 402 2591 istam
416 2539 569 2603 formulam,
583 2550 612 2591 ut
623 2559 675 2590 non
687 2576 694 2603 ‚
708 2558 754 2611 pro
766 2543 845 2606 puin,
894 2536 1000 2608 ingenio
1011 2575 1018 2600 ‚
1031 2536 1074 2587 aad
1087 2549 1154 2592 recte
1165 2556 1172 2591 ι
1185 2558 1260 2599 nam,
1274 2540 1345 2611 qnod
1364 2544 1401 2593 ed.

285 2624 288 2633 '
331 2628 397 2669 amat
409 2616 600 2669 Seneeatvelut
615 2615 694 2689 Epist
709 2630 781 2667 xcw.
795 2614 845 2665 Ubi
894 2615 930 2665 R.
940 2628 966 2667 et
979 2618 1014 2667 A.
1028 2634 1086 2669 enm
1101 2617 1183 2669 mostis
1199 2618 1311 2682 dabant,
1329 2623 1403 2672 verba

332 2708 400 2747 tenet
412 2706 501 2747 utnon
511 2707 582 2746 vetus
594 2706 678 2746 noster
687 2694 742 2746 cod.
752 2711 844 2744 mcum
893 2696 1045 2755 convellere,
1065 2694 1093 2745 id
1113 2714 1210 2766 prorsus
1227 2697 1260 2748 ab
1282 2696 1331 2750 hoc
1350 2698 1403 2749 loro

332 2772 372 2825 ed.
383 2774 418 2827 R.
427 2774 471 2826 ssd
484 2794 530 2827 ms.
540 2794 560 2827 r.
572 2793 630 2827 cum
642 2773 680 2825 ed.
691 2776 726 2827 A.
737 2775 792 2824 nisi
801 2770 845 2823 ha·
894 2769 1006 2824 alienum
1027 2772 1143 2834 videtum
1163 2793 1210 2825 nec
1228 2776 1280 2827 hue
1298 2776 1358 2827 facit
1380 2776 1404 2827 id

332 2852 394 2915 bet,
408 2872 436 2903 ex
448 2851 552 2904 scholio.
565 2849 647 2903 Schw.
894 2850 964 2921 quod
979 2849 1039 2901 dein
1050 2849 1078 2901 in
1098 2849 1185 2901 eadem
1203 2851 1252 2903 hac
1264 2852 1314 2926 Ep.
1325 2853 1340 2921 ς
1356 2872 1403 2912 ro,

366 2948 389 2979 a.
409 2930 443 2979 In
456 2938 588 2997 conspectu
602 2930 784 2981 dulcissimum
796 2935 843 2979 est·
894 2930 926 2981 de
938 2928 988 2981 aiio
1006 2929 1109 2981 homine
1119 2944 1290 2996 memoratur,
1305 2936 1405 3000 ampula

333 3007 437 3078 Nempe,
445 3004 843 3075 agnoscere!taquedistiuctione
892 3011 973 3063 verba
986 3012 1102 3063 vellente·
1114 3010 1346 3065 Sciam-Solen...
1355 3032 1407 3064 con·

333 3106 380 3157 ego
406 3081 468 3157 juri.
494 3084 565 3135 Sicut
588 3084 667 3135 oeulis
695 3097 843 3157 praesentem
893 3092 990 3141 volvere
1007 3088 1025 3139 i.
1039 3109 1060 3141 e.
1082 3086 1136 3139 siue
1154 3088 1253 3142 delectu
1265 3104 1294 3143 et
1308 3088 1407 3141 velocis·

333 3162 506 3237 agnoscimus,
516 3162 552 3214 sie
562 3162 688 3214 absentem
699 3182 726 3213 ex
737 3161 843 3235 impres·
892 3164 954 3216 sime
962 3165 1038 3217 rerba
1049 3166 1221 3237 pronuntiare.
1230 3166 1300 3235 sies
1314 3170 1341 3229 6,
1349 3166 1406 3217 ntes

239 3300 243 3307 Ι
334 3260 361 3293 sa
373 3257 460 3293 manu.
475 3240 587 3308 lipsius.
895 3241 1030 3294 verborum
1039 3243 1093 3293 sine
1101 3242 1199 3295 delectu
1207 3247 1340 3297 ruentium
1348 3259 1406 3295 stre-

368 3318 390 3371 3.
404 3318 571 3385 Serapionem
579 3316 771 3384 philosophum.
780 3317 846 3385 Quis
896 3320 969 3391 pitus.
983 3316 1071 3369 Rubi.

334 3396 535 3470 philosophaster
543 3394 586 3446 itte
594 3394 678 3457 fuerit,
686 3395 783 3446 neseio:
797 3395 847 3446 nisi
929 3400 953 3448 5.
971 3396 1038 3466 Qum
1051 3416 1101 3448 non
1112 3394 1226 3468 effundit
1237 3434 1243 3458 ‚
1256 3402 1342 3449 imm
1351 3418 1407 3465 prr·

334 3472 403 3542 quod
416 3472 461 3521 illo
476 3484 500 3521 et
518 3472 633 3541 sequenti
649 3489 704 3522 nvo
722 3472 783 3523 tales
795 3472 847 3523 suri
896 3478 950 3526 mit.
964 3475 1071 3528 Variant
1082 3476 1148 3527 libri.
1158 3478 1226 3547 Qun
1237 3496 1290 3529 nnn
1300 3477 1409 3548 effundit

334 3548 416 3601 mutti.
429 3547 600 3601 L.·.···l·'abrir.
613 3548 639 3599 in
652 3548 719 3599 Bibi.
733 3548 778 3599 Gr.
788 3548 847 3599 vol.
898 3573 951 3604 uno
964 3573 1020 3604 vox
1031 3555 1181 3620 sedpremit
1195 3553 1234 3604 ed.
1251 3552 1288 3604 R.
1304 3555 1379 3625 idque
1395 3577 1408 3604 n

335 3628 391 3689 ΙΙΙ,
405 3648 432 3699 ρ.
443 3630 490 3691 525
504 3639 556 3677 not.
571 3639 598 3677 tt.
610 3625 776 3697 Serapionem
786 3626 848 3677 liin·
899 3627 971 3680 Pinc.
983 3642 1006 3679 et
1018 3631 1091 3680 (ἱππ,
1101 3630 1306 3682 commendatum
1320 3632 1409 3702 recepit

334 3706 518 3779 rapoiitanum.
530 3725 543 3755 a
554 3703 682 3775 Stephano
694 3703 792 3775 Epa-in
805 3724 848 3756 vo·
896 3704 983 3757 Ruht.
1000 3705 1069 3773 Quoe
1081 3726 1133 3757 non
1150 3707 1264 3777 esjimdit
1280 3728 1336 3759 nnn
1354 3727 1411 3758 voce

335 3805 363 3837 ce
377 3772 505 3852 Ιεράπολις
518 3794 699 3842 memoratum,
713 3780 781 3833 hunc
796 3800 847 3832 esse
897 3785 1048 3851 sedpremr't
1059 3782 1099 3836 ed.
1109 3786 1145 3835 A.
1156 3797 1180 3834 et
1191 3804 1237 3835 ms.
1247 3805 1269 3837 c.
1286 3786 1355 3856 Quoe
1361 3806 1410 3837 non

334 3873 404 3935 putat
414 3900 420 3920 ‚
432 3858 608 3932 philosophum
616 3858 731 3919 stoicum.
745 3859 784 3917 De
794 3860 850 3913 So·-
866 3906 869 3911 .
897 3861 1073 3931 rsswrditunn
1086 3900 1093 3927 ,
1107 3864 1155 3914 sed
1162 3873 1259 3930 premat
1279 3885 1327 3916 ms.
1343 3864 1369 3917 b.
1389 3878 1411 3915 et

336 3938 474 4013 phistarum
483 3934 791 4009 peregrinationibusvidc
801 3939 849 3989 Lu·
898 3942 937 3993 ed.
951 3933 1046 3993 Erasm.
1054 3943 1225 4014 aliaqueante
1238 3946 1323 3999 Ruhlr.
1333 3948 1411 3999 Nobis

335 4016 533 4076 ci.Somniumn.
547 4015 847 4085 7,etquemihila1nlat
898 4017 965 4071 istud
977 4019 1085 4092 plutuit,
1099 4022 1168 4092 quod
1186 4023 1213 4073 in
1231 4025 1412 4077 vetustioribus

336 4092 445 4147 Salanus
456 4132 463 4154 ,
475 4094 617 4145 (iresoiium
631 4098 659 4143 A.
671 4092 703 4143 G.
716 4092 737 4143 X
747 4132 756 4161 ,
765 4095 804 4162 87.
813 4094 848 4145 R.
899 4095 1017 4174 Pineiani
1028 4097 1099 4152 libris
1110 4100 1338 4173 iegtbatur.Schw.
