2975 4992
332 489 397 574 to
625 486 667 554 L.
693 482 868 553 Aurini
894 441 1138 555 setinum

332 631 401 699 est,
421 618 503 708 qui,
526 612 619 707 quod
634 599 763 682 dicitur
775 612 819 683 de
832 614 1011 707 sapiente,
1027 617 1191 709 exigimus
1208 635 1243 687 et
1257 642 1282 686 a
1295 622 1404 689 Profi-

332 734 455 800 ciente.
471 728 605 801 Suadeo
622 730 736 798 adbuc
755 728 839 797 mibi
851 730 915 799 ista
932 729 1138 822 quaelaudo,
1161 732 1315 802 nondum
1330 758 1404 828 per·

331 846 458 917 suadeo
474 874 484 932 3
512 847 614 913 etium
645 847 674 913 si
702 848 942 939 persuasissem
960 898 970 929 ,
1005 848 1156 916 nondum
1186 866 1257 919 tum
1289 866 1404 944 parata

332 965 494 1033 buberem
506 979 567 1031 aut
578 979 645 1031 tam
659 965 861 1046 exercitato,
881 978 919 1030 ut
931 961 975 1030 sd
988 986 1105 1032 omnes
1114 990 1210 1034 casus
1224 990 1402 1061 procurre·

274 1089 307 1143 30
332 1095 420 1147 rent.
432 1076 725 1173 Quemadmodum
738 1078 816 1146 inus
828 1082 837 1113 ¹
853 1078 1016 1171 quosdam
1026 1081 1158 1150 eoiores
1172 1083 1275 1151 semel
1288 1082 1400 1164 ducit,

331 1197 515 1291 quosdam,
531 1198 597 1264 nisi
613 1196 734 1290 saepius
747 1211 914 1264 mooerute
924 1211 959 1264 et
972 1214 1125 1283 recocto,
1140 1222 1210 1267 non
1225 1198 1400 1293 perbibit:

330 1314 380 1381 sic
402 1312 486 1381 alias
507 1309 705 1404 disciplinas
730 1310 887 1403 ingenia,
915 1335 1020 1403 quum
1046 1334 1224 1409 accepere,
1247 1316 1403 1407 protinus

331 1444 512 1522 praestant3
528 1424 623 1512 haec,
641 1426 705 1493 uisi
721 1424 789 1493 ulte
803 1422 998 1511 descendit,
1019 1444 1052 1495 et
1066 1428 1127 1497 diu
1144 1426 1252 1511 sedit,
1273 1445 1309 1495 et
1326 1429 1401 1496 ani·

328 1567 420 1613 mum
433 1568 504 1611 non
522 1543 722 1626 colorarit²,
738 1541 798 1610 sed
816 1542 953 1623 infecit,
970 1542 1058 1609 nihil
1071 1564 1111 1611 ex
1126 1543 1199 1623 bis,
1221 1564 1299 1635 qum
1315 1566 1401 1637 pro-

272 1678 302 1733 31
329 1660 484 1743 miserat,
510 1670 659 1753 prestat.
685 1658 761 1726 Cito
787 1655 852 1724 hoc
875 1670 986 1750 potest
1007 1654 1115 1741 tradi,
1137 1672 1172 1725 et
1188 1660 1401 1751 paucissimis

328 1776 460 1857 verbis,
480 1801 497 1838 u
514 1776 627 1842 Unum
640 1776 769 1840 Bonum
781 1793 854 1839 esse
867 1772 1058 1854 Virtutem,
1074 1772 1205 1840 nullum
1218 1788 1313 1841 certe
1328 1774 1400 1841 sine

327 1893 483 1976 Virtute3
503 1907 539 1958 et
559 1891 665 1982 ipsam
679 1890 848 1955 Virtutem
870 1890 906 1955 in
927 1904 1021 1982 parte
1047 1892 1154 1957 nostri
1176 1890 1338 1975 meliore,
1366 1888 1401 1957 id

328 2023 398 2088 est,
415 2003 572 2073 rationaii
584 2055 592 2084 ‚
605 2005 763 2097 positum.
781 2030 797 2067 s
811 2002 906 2096 Quid
918 2005 985 2072 erit
995 2004 1069 2073 haec
1080 2006 1223 2074 Virtus?
1227 2004 1400 2098 judicium

326 2145 445 2190 verum
455 2135 490 2188 et
503 2120 695 2205 immotum,
710 2118 755 2187 ab
764 2119 829 2187 boc
839 2120 929 2186 enim
945 2122 1091 2215 impetus
1104 2121 1244 2189 venient
1257 2122 1397 2205 mentis3

326 2238 371 2304 ab
385 2238 454 2305 hoc
466 2260 583 2304 omues
596 2236 741 2329 species,
758 2256 834 2327 quie
849 2236 1010 2331 impetum
1026 2251 1180 2320 movent,
1197 2234 1402 2328 redigentur

271 2359 302 2417 δι
328 2350 371 2419 ed
393 2350 575 2443 liquidum.
596 2350 684 2416 Huic
703 2345 836 2442 judicio
860 2366 1125 2418 consentaneum
1147 2350 1232 2433 erit,
1258 2352 1397 2431 omnis,

325 2488 401 2558 quae
414 2467 540 2533 virtute
556 2479 709 2531 contactu
725 2478 822 2545 sunt,
843 2478 880 2531 et
897 2463 986 2531 bons
999 2462 1176 2556 judicare,
1197 2481 1232 2531 et
1256 2465 1349 2531 inter
1365 2486 1400 2531 se

323 2583 432 2677 peria.
454 2582 645 2673 Corporum
671 2595 784 2647 autem
808 2578 898 2647 boue
924 2578 1125 2673 corporibus
1142 2578 1282 2671 quidem
1307 2578 1399 2646 bone

325 2713 425 2784 sunt3
444 2694 505 2764 sed
521 2698 558 2762 iu
572 2709 678 2762 totum
694 2715 765 2761 nou
779 2709 857 2763 suut
871 2696 971 2764 bona.
989 2690 1074 2765 His³
1090 2698 1238 2791 pretium
1254 2695 1400 2789 quidem

325 2817 391 2883 erit
405 2812 564 2906 aliquod,
585 2825 744 2879 ceterum
759 2811 908 2906 dignitas
921 2836 990 2881 non
1006 2814 1091 2901 erit3
1107 2814 1239 2907 magnis
1254 2814 1350 2882 inter
1365 2838 1401 2883 se

267 2943 300 3003 ts
325 2930 513 2999 intervallis
526 2925 718 3013 distabunt,
741 2928 808 2995 elia
827 2930 970 3024 majora,
994 2926 1060 2999 alia
1073 2932 1204 2998 minora
1218 2949 1336 2999 eruut.
1359 2934 1403 3001 Et

324 3048 361 3114 in
379 3046 462 3139 ipsis
479 3044 685 3137 Sapientiam
708 3045 916 3113 sectantibus
937 3070 1060 3140 magns
1078 3044 1277 3115 discrimina
1299 3071 1398 3127 esse,

324 3160 489 3229 fateamur
508 3182 647 3227 necesse
670 3174 733 3228 est.
759 3160 856 3229 Alius
868 3160 939 3255 jam
963 3164 1000 3229 in
1018 3178 1147 3232 tantum
1170 3163 1339 3257 profecit,
1363 3181 1401 3233 ut

325 3388 413 3457 Quum
432 3388 499 3442 enim
519 3388 627 3442 audisset
646 3388 763 3442 Cassium
781 3402 834 3444 esse
882 3386 1096 3461 comparationem
1107 3389 1139 3441 ed
1153 3390 1232 3463 Epist.
1241 3406 1304 3454 ixx,
1320 3390 1349 3443 ³.
1365 3390 1403 3441 R.

325 3469 488 3531 defunctum,
500 3467 618 3519 virtutem
632 3475 659 3519 ut
669 3467 746 3519 verbe
758 3486 834 3519 occu·
918 3487 940 3519 2.
950 3466 989 3519 Et
1000 3469 1080 3518 amin.
1090 3486 1142 3519 non
1152 3472 1289 3531 colomvt't,
1300 3472 1355 3521 sed
1362 3470 1401 3520 in·

322 3544 400 3609 sevit,
412 3544 511 3616 sibique
523 3564 614 3598 manus
626 3544 750 3599 violentes
760 3546 834 3597 intu-
872 3547 945 3617 jecit.
957 3546 1082 3598 voculam
1094 3556 1133 3611 et,
1147 3546 1288 3598 adsensum
1301 3566 1403 3599 neces-

324 3624 359 3677 iit.
372 3622 463 3675 Rubi.
882 3624 983 3687 ser-iarn,
991 3622 1071 3695 adjeci
1080 3643 1108 3675 ex
1115 3624 1258 3697 prescripto
1267 3622 1328 3678 edd.
1336 3638 1400 3677 vett.

358 3718 379 3751 ι.
395 3699 628 3771 Quemadmodum
637 3704 727 3755 lonc...
739 3702 833 3772 perbe'-
882 3712 906 3752 et
916 3712 1059 3754 msstorum,
1072 3700 1165 3774 Iry'ecr't
1181 3722 1248 3767 non,
1267 3714 1294 3753 ut
1306 3702 1400 3754 nunt.

321 3780 366 3831 br't.
384 3778 501 3845 Focum,
518 3781 586 3831 unde
603 3778 730 3851 hodieque
749 3778 833 3833 Lacca
881 3776 932 3843 ait,
946 3778 1013 3831 velet
1022 3782 1141 3832 leviten!
1148 3780 1231 3832 obiter
1240 3782 1401 3847 tinxit,sed

321 3859 418 3911 musice
429 3878 448 3911 s.
459 3858 557 3909 musiva
566 3857 709 3921 coniicitur,
717 3857 762 3927 qui
774 3856 833 3908 sub·
878 3860 1041 3924 penitissime
1052 3860 1136 3909 tinxit
1141 3874 1152 3922 ,·
1165 3868 1189 3908 et
1199 3856 1255 3929 pius
1266 3868 1304 3908 est
1317 3876 1400 3927 quam

321 3937 480 3990 sternebatur
489 3934 639 4008 conchyliis,
650 3954 669 3986 s.
680 3952 794 4009 purpura
804 3934 831 3986 in
880 3934 1078 3987 colomvit.Vide
1089 3934 1119 3987 de
1131 3934 1178 3987 bac
1190 3934 1322 3988 locutione
1331 3937 1401 4011 Epp.

320 4014 380 4067 lnns
397 4014 533 4087 tingendo,
550 4012 627 4066 semel
645 4012 722 4065 ducit.
742 4013 782 4065 Cf.
796 4012 829 4066 ed
879 4028 923 4066 ux
933 4018 979 4077 ‚set
992 4026 1034 4065 cx.
1047 4012 1127 4067 Scbw.

324 4095 452 4149 Consolat.
461 4094 493 4147 ed
502 4093 576 4148 ttetv.
586 4098 615 4162 5,
625 4094 702 4146 boot
712 4094 763 4147 Sed
773 4114 830 4169 pur·
911 4092 934 4144 3.
946 4092 1025 4145 Hr's...
1036 4094 1152 4162 dignitas
1162 4095 1289 4144 nouerit:
1298 4092 1399 4146 Recor·

321 4195 412 4248 puram
424 4174 472 4226 nisi
484 4174 574 4247 sepius
585 4183 721 4227 macerata
732 4170 829 4224 mollin
879 4168 945 4223 deris
955 4170 1070 4245 linguam
1081 4170 1155 4226 stou.
1166 4170 1293 4240 Loquitur
1305 4170 1342 4223 de
1354 4172 1401 4223 in-

322 4266 447 4308 etrecotte
455 4269 507 4305 non
516 4250 600 4305 trabit.
609 4252 677 4305 vide
686 4263 710 4302 et
717 4248 828 4303 similem
879 4246 1055 4303 differentibus
1067 4250 1157 4303 rebus:
1170 4248 1291 4318 quedem
1302 4250 1402 4319 ἄψιν
