2975 4992
398 458 665 529 nrrsrots
689 456 837 528 xxrv.
1088 459 1150 548 189

90 604 151 657 tum
168 586 294 671 tuerit,
312 588 498 657 Catonem¹
519 590 700 659 narrabis?
715 586 906 681 -Quidni
928 610 993 680 ego
1014 609 1150 656 narrem

90 706 197 773 ultime
212 702 273 769 itta
290 718 390 773 noete
402 703 552 773 Platonis
563 703 690 773 librum
707 704 898 799 legentem,
913 704 1022 797 posito
1036 702 1081 771 ud
1093 726 1152 771 ou·

89 834 142 911 put
158 816 301 912 gladio?
314 818 391 887 Duo
402 818 476 887 htec
494 818 531 887 in
549 819 650 888 rebus
664 821 821 888 extremis
835 820 1056 888 instrumenta
1068 842 1151 912 pro·

90 951 255 1029 spexerut,
285 934 453 1019 aiterum,
473 950 513 1001 ut
527 935 627 1003 vellet
644 936 750 1018 mori,
776 934 940 1018 ultorum,
969 952 1007 1003 ut
1023 951 1148 1029 posset.

90 1050 289 1143 Compositis
305 1073 387 1143 ergo
400 1048 504 1119 rebus
514 1054 540 1131 ¹,
555 1066 738 1143 utcumque
750 1052 907 1145 componi
921 1052 1036 1120 irsotoe
1049 1067 1152 1145 atque
1179 1078 1192 1130 ⁷

90 1168 210 1235 ultimae
229 1180 408 1261 poterunt,
429 1165 465 1233 id
481 1166 651 1259 egendum
673 1168 896 1250 existimavit,
917 1170 1034 1237 necui
1053 1170 1154 1239 suto·

91 1306 161 1349 nem
178 1299 241 1349 sut
261 1280 419 1350 occidere
437 1280 580 1364 liceret,
599 1297 658 1351 aut
675 1306 811 1351 ses-rure
830 1284 1045 1377 contingeret
1061 1314 1071 1371 3
1090 1300 1150 1370 et,

90 1402 200 1469 stricto
220 1398 356 1491 gladio,
375 1422 477 1491 quem
496 1422 603 1491 usque
622 1401 658 1467 in
676 1400 772 1469 ilium
791 1400 882 1469 diem
899 1400 943 1469 ub
956 1402 1048 1469 omni
1062 1400 1155 1471 cede

91 1541 209 1609 purum
220 1530 414 1585 servaverat
430 1516 482 1583 sN
484 1512 545 1583 ihil
559 1564 568 1597 ,
583 1516 716 1609 inquit,
730 1517 852 1611 egisti,
864 1518 1016 1585 Fortuns
1028 1568 1038 1600 ,
1049 1523 1156 1587 omni·

91 1634 150 1701 bus
164 1634 347 1701 eonatibus
365 1634 448 1700 meis
465 1628 647 1701 obstando!
672 1654 742 1701 nou
760 1656 823 1727 pro
841 1656 915 1701 meu
932 1634 1067 1718 adhue,
1092 1634 1156 1703 sed

92 1773 149 1842 pro
167 1750 290 1841 putriae
309 1748 466 1817 libertate
485 1746 653 1841 pugnavi!
674 1773 744 1818 neo
760 1748 902 1842 egebum
926 1765 1019 1818 tonte
1043 1752 1157 1843 perti'-

92 1867 203 1943 nucis,
222 1882 281 1947 ut,
302 1864 410 1952 iiber,
430 1863 492 1933 sed
516 1880 555 1932 ut
574 1866 663 1933 inter
688 1864 814 1933 liberos
835 1866 987 1934 riverem
1008 1893 1016 1931 :
1040 1890 1153 1952 nunc,

93 1980 271 2071 quonium,
294 1978 477 2071 deploratio
496 1994 575 2047 sunt
594 2002 650 2047 res
667 1976 810 2046 humani
822 1980 958 2071 generis
971 2028 982 2059 ,
997 1980 1081 2049 Ceto
1095 1978 1158 2047 de-

93 2092 235 2161 duoutur
253 2092 430 2160 intutum.
453 2092 628 2184 impressit
645 2090 770 2159 deinde
790 2092 999 2161 montiferum
1021 2092 1157 2185 oorpori
1182 2091 1199 2145 ὓ

95 2206 228 2274 vulnus.
247 2204 329 2298 Quo
346 2204 494 2299 obligato
508 2228 529 2272 u
544 2198 719 2289 medicis³,
739 2229 846 2297 quum
858 2206 970 2274 minus
983 2204 1158 2298 sanguinis

95 2318 259 2403 haberet,
280 2320 391 2387 minus
406 2319 548 2399 virium,
569 2320 674 2387 enimi
692 2311 828 2405 idem⁴3
848 2320 919 2413 jum
938 2342 1008 2387 non
1027 2334 1158 2387 tuntum

95 2440 242 2519 muri,
264 2435 325 2505 sed
345 2435 410 2506 sibi
434 2436 561 2521 iratus,
583 2435 692 2504 nudus
715 2438 753 2503 in
775 2436 898 2505 vulnus
922 2460 1041 2505 munus
1059 2437 1156 2532 egit,

95 2570 128 2620 et
153 2576 357 2648 generosum
379 2552 474 2621 illum
499 2568 832 2646 contemptoremque
863 2554 972 2622 omnis
998 2554 1159 2647 potentie

96 2672 251 2767 spiritum
265 2694 336 2739 non
348 2670 482 2753 emisit,
501 2670 561 2739 sed
578 2670 691 2763 ejecit.

141 2788 220 2855 Non
233 2786 271 2852 in
285 2784 350 2853 hoo
367 2782 518 2879 exemplu
537 2808 628 2854 nuuc
639 2808 808 2879 congero,
822 2802 859 2853 ut
872 2786 1047 2879 ingenium
1060 2807 1161 2853 exer·

100 2928 212 2987 οπως
232 2900 293 2969 sed
310 2916 347 2969 ut
363 2916 396 2969 te
411 2898 574 2970 adversus
593 2900 653 2986 id,
672 2902 766 2995 quod
781 2904 924 2971 maxime
940 2902 1092 2971 terribile
1107 2902 1161 2970 vi·

99 3018 209 3099 detur,
225 3014 399 3084 exhorter.
413 3014 682 3084 Faciliusautem
690 3014 908 3102 exhortabor,
926 3016 954 3083 si
967 3014 1159 3100 ostendero,
1186 3024 1204 3077 9

101 3238 202 3291 iniis
221 3256 271 3290 ms.
290 3238 355 3303 Am.
376 3236 400 3288 b.
420 3232 521 3289 inveni:
537 3254 604 3287 uuur
654 3254 708 3305 sqq.
724 3233 753 3287 iu
773 3234 864 3289 (lesse.
884 3255 908 3309 p.
928 3236 974 3305 7³²
996 3235 1064 3289 rat.
1084 3234 1162 3287 Dion.

101 3316 171 3371 rideo
186 3316 258 3367 Tam
279 3312 314 3367 ibi
333 3312 564 3385 legendum,rnuie
577 3312 605 3365 id
655 3312 1053 3381 Csu.xt111,=o-n.ltutt.
1237 3348 1241 3360 ι

101 3390 560 3466 quidemrrthabetmset'ammed
569 3392 605 3444 A.
688 3412 711 3443 n.
733 3392 887 3461 Compositis
901 3414 963 3465 erpo
979 3394 1060 3447 ntus.
1079 3392 1109 3445 id
1128 3404 1165 3445 est

106 3474 141 3527 Τι
152 3474 222 3527 estha·
237 3472 278 3525 od.
295 3472 328 3525 R.
347 3472 413 3525 Par.
425 3490 453 3523 u.
466 3470 520 3523 Psi·
539 3490 567 3529 s.
582 3482 606 3523 et
655 3468 1010 3543 omuibusposti’hsrssiitsm
1019 3490 1129 3544 pugnarn
1138 3478 1165 3523 et

103 3552 281 3625 Coiqmon
294 3548 606 3603 meliors-Veniett.erst
656 3546 806 3621 Pompeium
828 3546 989 3602 interiectum
1008 3547 1036 3599 in
1059 3547 1165 3601 Cauris

106 3632 244 3685 Turnmr'lu'
251 3628 337 3699 ,quod
345 3626 466 3681 exhibent
475 3626 571 3680 Parth.
579 3627 605 3677 d.
655 3624 779 3679 ditionem
794 3625 922 3693 subsstis,
942 3626 1049 3697 ideoque
1074 3624 1166 3697 quius-

100 3712 164 3763 Josss
181 3710 248 3763 nuti
263 3706 321 3762 edd.
341 3707 401 3760 inde
416 3704 449 3759 sb
468 3704 563 3759 Erum.
577 3726 606 3759 ss
655 3704 775 3757 testibus.
1207 3753 1215 3767 .

104 3790 173 3863 ipsius
183 3788 287 3859 soniect.
299 3783 383 3839 Sctw.
689 3782 713 3833 d·
730 3783 758 3833 A
764 3783 877 3834 audisis.
890 3781 968 3849 Quod
978 3795 1063 3834 tumen
1074 3782 1167 3833 Noster

135 3862 377 3919 iseronem-Utica
385 3860 535 3913 hastatum
545 3880 606 3922 esse,
657 3860 765 3913 medicis
774 3857 878 3920 tribuit,
896 3858 924 3910 id
940 3856 1030 3911 Plu..
1042 3858 1121 3920 Buts,
1135 3856 1168 3909 ii·

106 3942 165 3997 nde
189 3942 281 3997 Canni
303 3958 454 4013 cognomen
486 3937 610 3993 Uticensis
659 3936 758 3991 bertino
775 3937 896 4001 Catonis,
914 3938 967 3992 Dio
986 3938 1054 3991 eso.
1070 3936 1167 4005 sbejus

105 4022 209 4087 dabutur,
218 4034 256 4077 est
265 4040 305 4075 res
316 4018 452 4073 notissima
461 4054 468 4081 ,
476 4034 533 4085 qut
542 4014 611 4090 apud
658 4016 747 4072 amisis
757 4018 851 4071 suetum
859 4012 1167 4069 consummante.

106 4120 185 4153 uum
195 4114 327 4162 amora,
342 4092 489 4167 quifdslrse
499 4112 526 4147 re
536 4114 610 4167 expo-
691 4094 715 4160 4.
732 4095 828 4147 Animi
835 4097 912 4147 idem.
932 4096 979 4147 lut.
997 4092 1112 4147 eumdem
1129 4103 1168 4143 ts·

106 4190 207 4241 metunt,
221 4178 315 4232 eudem
330 4176 385 4227 fere
398 4171 478 4225 modo
488 4182 610 4235 narratur,
659 4190 718 4223 meu
731 4170 812 4225 animi
821 4171 1008 4237 fortitudinem,
1020 4170 1168 4225 lubrsuttsto

107 4256 283 4313 restauret».
295 4255 325 4310 iu
339 4253 433 4307 Cstou.
443 4249 505 4303 uriu-
518 4270 541 4323 p.
551 4266 608 4321 790,
659 4268 762 4325 corpore
770 4288 778 4315 ,
792 4262 907 4303 servaret.
