2975 4992
283 516 343 559 100
566 492 605 556 L.
634 486 815 556 ANNAEI
838 487 1058 558 SENECAE

275 616 1360 716 ctionemindicare.Ait,asapientemnnllareindigercssetta-
1465 604 1476 670 ’-

274 768 353 812 men
363 743 476 812 multis
489 741 540 808 iili
552 739 655 808 rebus
666 764 751 832 opus
763 762 835 809 esse
850 758 987 810 :contra
997 743 1099 811 stulto
1108 744 1202 811 nulla
1212 769 1250 813 re
1260 767 1357 837 opus

274 876 337 942 est,
355 859 448 927 nulla
461 858 549 925 enim
565 880 602 924 re
616 856 680 924 scit
692 858 755 939 uti,
768 858 828 925 sed
841 849 998 926 omnihus
1011 876 1101 952 eget.
1117 886 1133 923 u
1148 860 1303 953 Sapienti
1315 876 1355 926 et
1467 940 1476 966 1

275 974 448 1059 manibus,
472 988 507 1041 et
525 971 650 1055 oculis,
673 988 707 1040 et
726 973 842 1041 multis
856 974 900 1042 ad
917 973 1150 1065 quotidianum
1166 999 1265 1043 usum
1278 1000 1355 1043 ne-
1464 1046 1473 1062 η

272 1090 428 1158 cessariis
445 1112 532 1181 opus
551 1106 618 1175 est3
640 1106 718 1181 eget
731 1088 826 1156 nulla
845 1094 904 1157 re¹
919 1115 926 1154 :
944 1112 1046 1182 egere
1061 1092 1152 1158 enim
1162 1140 1173 1173 ,
1191 1092 1352 1158 necessi·
1465 1075 1474 1083 ⁵

272 1210 349 1276 tatis
360 1224 427 1290 θεῖς
442 1205 531 1275 nihil
543 1228 681 1273 necesse
693 1207 838 1298 sapienti
850 1222 912 1274 est.
929 1210 1035 1300 Ergo,
1050 1209 1204 1299 quamvis
1217 1230 1253 1276 se
1269 1209 1353 1301 ipso
1465 1199 1468 1205 ’

272 1339 449 1391 contentus
462 1324 522 1404 sit,
538 1323 657 1389 amicis
670 1322 721 1388 ilii
734 1346 820 1415 opus
833 1337 903 1408 est3
920 1324 982 1390 hos
995 1324 1090 1416 cupit
1099 1323 1227 1392 habere
1239 1349 1350 1417 quam
1466 1297 1473 1321 ι

272 1441 435 1533 plurimos
452 1468 459 1507 :
476 1465 544 1508 non
556 1455 594 1508 ut
607 1438 706 1506 beate
720 1441 830 1526 vivat,
847 1442 940 1508 vivet
954 1442 1045 1508 enim
1059 1441 1159 1508 etiam
1173 1443 1248 1509 sine
1260 1442 1354 1509 ami-

270 1564 319 1631 cis
338 1564 449 1631 beate.
470 1564 644 1632 Summum
660 1560 788 1630 honum
810 1561 1019 1631 extrinsecus
1036 1562 1260 1632 instrumenta
1272 1587 1351 1631 non

270 1678 393 1767 quaerit
410 1704 418 1743 z
438 1675 529 1744 domi
552 1677 701 1760 colitur,
722 1700 764 1743 ex
780 1698 816 1743 sc
834 1691 937 1744 totum
963 1691 1026 1744 est.
1050 1675 1177 1769 Incipit
1197 1676 1351 1744 fortunae

215 1818 244 1869 13
269 1812 343 1862 esse
360 1788 574 1887 subjectus³‚
595 1795 623 1861 si
642 1817 744 1885 quam
763 1809 894 1885 partem
913 1790 965 1860 sui
984 1792 1066 1860 foris
1085 1794 1220 1885 quaerit.
1242 1792 1353 1885 Qua-

268 1902 310 1975 iis
329 1923 442 1975 umen
462 1907 575 1974 futura
593 1922 643 1973 est
660 1907 730 1973 vita
747 1906 929 1999 sapientis,
955 1901 985 1973 si
1003 1908 1077 1974 sine
1093 1908 1212 1974 amicis
1232 1906 1354 1973 relin-

268 2038 393 2115 quatur
403 2025 440 2089 in
451 2020 637 2091 custodiam
650 2020 843 2112 conjectus,
862 2021 917 2088 vei
929 2022 970 2087 in
979 2021 1094 2112 aliqua
1107 2038 1208 2114 gente
1226 2022 1350 2091 aliena

268 2136 467 2220 destitutus,
486 2137 540 2206 vel
553 2138 589 2204 in
607 2138 823 2229 navigatione
838 2135 940 2229 longa
953 2153 1126 2219 retentus,
1146 2153 1205 2205 aut
1223 2139 1260 2205 in
1275 2139 1350 2206 dc-

268 2267 395 2320 sertnm
417 2252 512 2321 littus
529 2251 683 2344 ejectus?
710 2250 832 2343 Qualis
854 2266 904 2320 est
920 2246 1047 2334 Jovis‘‚
1066 2278 1171 2345 quum
1192 2255 1349 2341 resoluto

267 2368 413 2450 mundo,
433 2385 468 2436 et
481 2368 554 2437 Diis
567 2369 603 2435 in
618 2392 722 2435 unu-m
739 2362 909 2450 confusis,
925 2367 1101 2462 paulisper
1113 2387 1265 2439 cessante
1278 2394 1351 2437 na-

213 2492 240 2559 14
267 2499 364 2563 tura,
384 2481 571 2574 acquiescit
593 2480 678 2565 sihi,
703 2480 966 2573 cogitationibus
981 2482 1051 2549 suis
1068 2476 1230 2549 traditus!
1251 2482 1350 2551 Taie

267 2595 428 2689 quiddam
455 2596 589 2689 sapiens
614 2595 693 2661 facit
721 2620 729 2659 ι
759 2596 796 2661 in
824 2618 860 2662 se
880 2594 1100 2682 reconditur,
1129 2620 1244 2665 secum
1269 2614 1343 2665 cst.

267 2712 441 2807 Quamdiu
456 2711 594 2803 quidem
611 2710 659 2777 illi
675 2709 755 2777 licet
769 2734 829 2778 suo
842 2708 983 2777 arbitrio
999 2732 1053 2778 res
1067 2736 1143 2779 suas
1159 2712 1344 2794 ordinare,

268 2950 339 3021 (maii
351 2966 404 3005 non
414 2958 506 3025 egent.
519 2946 562 3001 sed
575 2942 710 3019 indigent).
723 2935 776 2999 Cic.
826 2946 912 2999 invitis
924 2947 1015 3012 msstis,
1035 2947 1079 3019 qui
1093 2968 1146 3001 non
1159 2948 1242 3023 magis
1255 2951 1350 3021 parti-

266 3032 340 3084 Tusc.
352 3030 403 3097 Qu.
415 3030 461 3091 lv,
475 3025 684 3100 92eindigentia
698 3023 779 3080 libido
827 3021 909 3075 culam
926 3035 1015 3076 autem
1034 3039 1189 3099 agnoscunt,
1209 3046 1267 3099 quae
1291 3031 1349 3081 lin.

266 3105 430 3181 inexplebilis.
447 3127 461 3151 ν
475 3104 564 3157 Ruta.
827 3121 878 3168 seq.
891 3102 968 3175 vulgo
980 3102 1071 3155 inserta
1083 3117 1143 3157 erat.

301 3204 322 3237 t.
342 3180 592 3249 Nullantndepere.
606 3176 648 3230 Sic
659 3196 704 3230 ms.
712 3179 779 3245 Arg.
860 3180 883 3231 3.
900 3178 1041 3248 Subjeceu.
1061 3180 1104 3234 Sic
1123 3201 1182 3235 mse.
1202 3203 1294 3236 omnes
1318 3198 1351 3236 et

266 3264 290 3315 b.
302 3274 327 3314 et
336 3273 385 3313 tres
402 3259 505 3313 Gruteri
518 3278 576 3311 eum
588 3256 646 3311 edd.
659 3256 777 3309 Poteram
828 3255 885 3308 edd.
898 3271 955 3309 ante
961 3256 1097 3311 Erasmum
1105 3300 1112 3324 ,
1121 3261 1166 3332 qui
1173 3261 1271 3333 primus
1280 3265 1353 3316 sub·

266 3339 370 3410 quidem
382 3356 452 3408 egere
463 3334 607 3407 corrigere,
621 3346 650 3385 ut
659 3332 720 3405 Ops.
731 3352 776 3384 vo·
821 3340 914 3397 jectum
926 3334 1049 3407 vulgavit.
1061 3338 1150 3393 liubit.

265 3418 366 3477 luerat,
387 3436 416 3468 ex
437 3414 545 3467 aliorum
564 3413 678 3466 omniurn
700 3410 775 3463 codd.
860 3415 880 3471 4·
902 3410 999 3482 Quodis
1010 3423 1049 3464 est
1059 3412 1137 3466 loris
1137 3451 1180 3469 .....
1190 3416 1350 3469 traditus?

205 3556 209 3567 .
265 3492 776 3569 praescriptorsedueneratnecesse.Nec
826 3489 972 3542 Stoicorum
986 3493 1079 3564 dogma
1089 3506 1125 3545 est
1134 3495 1177 3559 (ci.
1189 3493 1271 3568 Lipsii
1281 3497 1352 3547 nla-

266 3577 350 3639 enim,
362 3586 392 3625 ut
404 3572 563 3647 Chrysippus
576 3591 620 3643 pro
638 3590 681 3622 sua
692 3569 777 3621 suhti-
826 3568 886 3619 und.
898 3568 924 3619 in
940 3568 1052 3640 Physioi.
1062 3570 1103 3634 11,
1119 3568 1187 3623 Dias.
1199 3576 1243 3641 aa)
1255 3590 1261 3623 :
1277 3592 1352 3624 om-

265 3654 333 3706 litate
341 3652 407 3704 inter
415 3651 522 3704 verbum
532 3652 619 3703 δεῖσθαι
629 3638 774 3700 οῑὸνέιῒσθω
825 3646 868 3697 nia
879 3646 1089 3718 conflagratione,
1106 3651 1235 3718 ἓιπυρόσιι
1242 3690 1250 3712 ,
1272 3650 1304 3702 in
1316 3672 1351 3704 se

265 3730 428 3793 distinxerat,
441 3728 478 3780 sic
490 3728 585 3779 Seneca
598 3726 743 3795 interegm
752 3739 777 3777 et
825 3724 962 3796 aliquando
975 3745 1126 3778 conversum
1138 3726 1179 3779 iri.
1198 3729 1243 3781 Ait
1261 3728 1352 3802 igitur

265 3810 389 3878 indigere.
402 3804 479 3875 Quod
501 3804 643 3879 Chrysippo
660 3803 774 3857 isdrfedat
823 3802 925 3867 Noster,
936 3801 1073 3875 sapientem
1082 3804 1287 3858 itavicturumin
1301 3828 1352 3859 so·

266 3899 330 3949 erat,
344 3885 370 3937 id
381 3885 486 3938 Senecae
494 3884 600 3957 perinde
611 3897 633 3935 et
643 3883 772 3951 indigere,
823 3878 947 3942 iitudine,
959 3882 979 3933 si
989 3901 1029 3934 res
1044 3882 1124 3949 ierat,
1143 3897 1170 3936 ut
1181 3884 1276 3938 Jovem
1291 3888 1353 3940 eai-

265 3976 289 4016 et
301 3982 372 4035 egere
384 3974 421 4016 est
433 3964 442 4027 (
454 3963 486 4015 ei.
498 3962 544 4027 Ep.
555 3976 619 4026 xlv,
632 3983 656 4035 p.
669 3962 709 4025 44,
718 3974 778 4013 extr.
827 3978 878 4029 guo
891 3958 936 4010 illo
948 3969 1076 4031 tempore,
1097 3982 1147 4033 quo
1166 3965 1298 4016 conversis
1317 3966 1352 4019 in

218 4092 221 4099 ,
264 4054 319 4115 etp.
330 4044 376 4105 45,
386 4039 509 4111 4):quod
523 4040 611 4093 δεῖσθαι
624 4037 776 4112 Chrysippo,
826 4055 852 4088 se
865 4038 1003 4102 omnihus,
1023 4038 1133 4111 ideoque
1147 4053 1172 4093 et
1187 4041 1253 4107 diis,
1272 4064 1352 4115 pau-

192 4130 197 4145 '
265 4116 474 4174 discuterent.
494 4130 605 4185 estopus
624 4116 735 4182 habere,
754 4127 779 4169 et
826 4114 901 4183 iisper
915 4135 930 4166 a
946 4118 1108 4187 generatione
1120 4133 1205 4172 cessat
1217 4121 1352 4177 Heracliti

264 4202 328 4252 „fn
339 4200 383 4249 uu,
390 4194 481 4247 ΗΜ,
826 4192 875 4243 suit
887 4192 931 4243 iila
944 4193 1030 4264 opinio
1040 4213 1133 4265 ,quarn
1141 4197 1223 4250 Stoici
1235 4200 1352 4273 adopta-

297 4298 320 4328 ι.
339 4274 407 4343 Eget
418 4275 494 4326 natta
505 4293 539 4326 re.
552 4270 639 4340 vulgo
651 4271 700 4325 sed
708 4281 775 4339 eget,
826 4270 1055 4325 vanescentem
1065 4292 1139 4327 suum
1146 4275 1351 4348 sapientemJo-
