2975 4992
389 436 663 531 urrsroil
687 458 878 531 txvrn.
1103 455 1169 548 ns

98 584 208 659 aridos
226 602 372 670 nervos,
394 590 611 681 permitteres
627 589 711 658 mihi
728 595 798 657 uno
817 589 892 657 loco
906 586 1044 679 jacere,
1064 604 1100 658 et
1115 591 1173 659 lo-

98 726 174 771 vere
193 700 354 769 morbum
373 726 483 771 meum
511 730 518 768 :
545 703 653 795 majus
671 702 795 771 malum
814 716 867 771 est
885 700 972 787 hoo,
991 702 1085 794 quod
1102 729 1171 773 non

98 843 235 912 possum
254 817 319 886 tibi
338 816 530 887 ostendere.
549 819 590 887 In
607 828 747 911 pectore
764 833 876 885 tumor
889 822 914 899 ¹,
933 818 1107 902 collectio,
1138 834 1175 889 et

99 936 230 1003 vomica
246 950 310 1002 est.
327 933 414 1001 Nolo
432 931 569 1019 laudes,
586 933 665 1003 nolo
680 932 775 1005 dions
790 958 798 999 τ
816 932 850 1001 Ο
862 942 1021 1027 maguum
1035 932 1170 1003 virum!

100 1050 438 1143 contempsitomnie,
453 1064 487 1118 et
497 1048 663 1117 damnatis
675 1048 832 1117 humuuoe
844 1051 923 1117 vitiu
937 1050 1110 1119 furoribus
1123 1052 1175 1121 fu·

101 1166 163 1263 git!
185 1168 286 1237 Nihil
307 1166 486 1248 damnavi,
508 1166 657 1235 nisime.
678 1166 756 1233 Non
769 1180 840 1247 est,
860 1166 954 1257 quod
971 1168 1173 1258 proficiendi
1198 1186 1215 1236 8

101 1308 201 1355 causa
216 1283 336 1351 venire
353 1279 397 1349 ad
415 1279 580 1348 merulis.
596 1283 718 1363 Erras,
740 1281 801 1372 qui
812 1280 896 1350 hinc
908 1280 1040 1372 aliquid
1056 1284 1174 1351 auxilii

100 1422 216 1493 sperae
234 1424 242 1462 :
260 1422 328 1467 non
349 1395 521 1477 medicus,
540 1394 600 1465 sed
621 1418 713 1489 aeger
734 1396 794 1464 hic
811 1396 955 1465 habitat.
979 1397 1072 1467 Malo
1094 1400 1172 1484 illa,

101 1538 206 1607 quum
231 1512 448 1593 discesseris,
476 1510 569 1580 dicas
592 1536 600 1577 ε
623 1515 697 1605 Ego
721 1513 825 1581 istum
846 1512 984 1581 beatum
1001 1514 1176 1583 hominem

100 1631 276 1724 putabam,
292 1644 326 1697 et
336 1626 528 1713 eruditum3
545 1649 719 1695 erexeram
730 1651 852 1699 aures:
865 1628 1064 1698 destitutus²
1080 1636 1172 1713 sirtn,

100 1742 187 1810 nihil
205 1740 295 1825 vidi,
321 1740 408 1809 nihil
424 1740 559 1823 audivi,
581 1736 675 1830 quod
697 1742 995 1833 concupiscerem,
1021 1741 1066 1811 ad
1083 1742 1176 1835 quod

100 1875 307 1927 reverterer.
327 1858 363 1925 si
385 1857 451 1925 hoc
472 1856 594 1938 sentis,
621 1856 649 1925 si
666 1855 732 1924 hoc
750 1856 916 1949 loqueris,
941 1859 1073 1951 aliquid
1090 1883 1177 1954 pro-

102 1977 225 2045 iectum
239 1990 303 2043 est.
318 1974 408 2041 Malo
424 1972 580 2067 ignoscas
595 1972 664 2040 otio
680 1996 773 2055 meo,
790 1998 892 2065 quam
906 1975 1074 2044 invideas.

149 2092 289 2175 Otium,
307 2090 439 2181 inquis,
457 2070 603 2169 Seneca,
623 2087 838 2157 commendas
851 2090 964 2158 milri?
982 2086 1028 2158 ad
1044 2092 1176 2185 Epicu·
1200 2131 1218 2183 9

103 2202 201 2276 reas³
218 2228 321 2275 voces
335 2201 514 2273 dilaberis!
533 2242 580 2257 -
595 2204 712 2273 Otium
731 2201 793 2273 tibi
813 2202 1033 2290 commendo,
1053 2205 1088 2275 iu·
1105 2225 1174 2301 quo

103 2326 231 2417 majora
240 2337 364 2416 agraet
376 2318 573 2415 pulchriora
585 2368 595 2403 ,
609 2312 711 2411 quum
725 2344 801 2412 quae
812 2320 994 2415 reliquisti.
1012 2318 1174 2395 ‘Pulsere

101 2438 267 2535 superbas
279 2438 508 2533 potentiorum
528 2436 635 2519 fores,
659 2430 840 2530 digerere⁵
863 2441 898 2507 in
912 2440 1060 2509 litteram·
1076 2452 1175 2513 tenes

101 2559 225 2639 orbus,
254 2556 438 2650 plurimum
464 2554 500 2623 in
527 2554 600 2622 loro
626 2576 741 2646 posse,
771 2554 938 2625 invidiosa
961 2551 1113 2651 potentia
1134 2586 1176 2630 ac

101 2676 220 2743 brevis
231 2690 303 2758 est,
323 2688 376 2755 et,
393 2673 421 2739 si
438 2690 559 2739 verum
572 2672 733 2755 estimes,
753 2671 903 2741 sordida.
924 2670 1051 2743 Ille‘me
1064 2680 1175 2769 gratia

102 2790 232 2857 lorensi
263 2786 365 2877 louge
388 2782 578 2871 antecedit3
604 2782 662 2853 ille
690 2783 869 2878 stipendiis
894 2778 1114 2876 militaribus,
1140 2808 1177 2861 et

99 3040 615 3117 neatiouiereletudinemallegeutlnde
664 3062 719 3095 rum
730 3064 737 3097 :
748 3042 793 3099 sed
805 3056 908 3119 utreque
926 3047 959 3101 ad
976 3048 1058 3103 otium
1075 3051 1175 3107 diverse

99 3123 211 3177 eunomii
223 3142 270 3198 pro
281 3124 359 3196 egris
371 3134 414 3175 ent
423 3122 534 3189 allectis,
547 3121 616 3173 item·
665 3122 705 3176 via
717 3125 801 3178 mittit.
813 3126 936 3200 Epicuros
944 3130 979 3182 eit
988 3149 997 3186 t
1007 3130 1066 3183 Nou
1075 3133 1177 3199 secedet

97 3220 152 3271 que
163 3204 190 3253 t'n
198 3192 282 3254 eom
292 3218 350 3253 etse
360 3218 405 3273 pro
417 3197 512 3251 morbo.
525 3198 578 3251 Not
588 3196 615 3249 iu
665 3200 697 3253 ad
707 3204 888 3277 rempublicam
897 3206 1010 3279 sepiens,
1024 3209 1073 3262 uisi
1081 3211 1104 3263 ti
1114 3211 1176 3280 quid

97 3278 213 3341 Militia,
226 3290 252 3331 et
260 3276 421 3331 Mercuriali»
432 3276 476 3333 lib.
486 3278 510 3329 li.
518 3276 615 3329 Verior·
666 3277 837 3333 intervenerit.
848 3283 938 3336 Zenon
956 3286 1009 3340 eit:
1021 3287 1131 3340 Accedet
1142 3287 1176 3341 ad

96 3378 119 3409 e.
142 3374 166 3409 ι.
185 3356 296 3409 Restitui
319 3354 424 3410 senece
446 3354 511 3409 haue
527 3372 616 3407 vocent
666 3357 860 3430 rempublicam,
875 3360 925 3413 uisi
939 3362 960 3414 ti
973 3362 1037 3435 quid
1050 3364 1177 3439 impedis·
1269 3354 1273 3362 ’

96 3432 209 3487 Consul.
221 3432 254 3485 ed
269 3433 352 3485 Maro·
366 3453 388 3485 c.
406 3448 443 3487 tr.
454 3430 616 3500 lips-et.
667 3434 706 3487 rit.
715 3458 728 3481 r
744 3436 784 3489 Ci-
793 3438 829 3490 ibi
840 3451 891 3492 not
903 3438 994 3492 Rutu

95 3526 121 3563 et
132 3512 170 3563 ad
183 3512 220 3563 lll
232 3512 265 3564 de
279 3512 320 3563 lra
337 3549 344 3577 ,
358 3530 410 3583 cap.
424 3530 461 3563 to.
476 3509 566 3563 nsaht.
698 3514 722 3578 4,
736 3514 873 3568 Pulsate...
877 3518 969 3587 J'oree,
983 3532 1011 3571 ut
1023 3533 1079 3573 tuos
1096 3520 1176 3574 elien·

133 3612 155 3645 r.
176 3592 214 3644 ln
229 3602 332 3662 pectore
349 3602 444 3642 tumor.
465 3590 501 3643 In
517 3600 617 3656 pertore
666 3602 721 3645 lum
733 3606 795 3645 eret.
806 3594 896 3648 fluet.

94 3682 141 3722 tuo
149 3669 315 3723 dabautedd.
324 3680 384 3722 vett.
392 3688 449 3721 eum
459 3666 548 3721 mutis.
561 3667 617 3719 Tuo
699 3669 1176 3751 5.Di5erere...ordoe.lleredipeterum

92 3746 271 3820 abjecitllur.
281 3747 338 3800 Noe
347 3742 616 3813 intunwrexeonjeet
665 3761 732 3814 erat,
744 3749 789 3821 qui
805 3762 923 3805 notarent
933 3754 1073 3808 litterarum
1086 3756 1177 3808 ordine

93 3822 361 3879 nannetensem.
666 3842 738 3877 tenes
759 3825 850 3879 divites
871 3828 962 3895 orbos,
987 3850 1097 3902 quorum
1117 3852 1177 3905 opes

126 3926 154 3959 ι.
166 3903 322 3959 Destituere
337 3921 405 3955 sm
423 3898 554 3970 subaudi,
569 3919 617 3952 ex-
666 3902 776 3957 maxime
785 3904 964 3975 obsequiorum
981 3908 1122 3965 diversitate
1137 3930 1178 3965 ee-

90 3982 333 4059 epeetationemea.
567 4033 577 4047 Ι
665 3981 819 4052 presentet
829 3982 1178 4043 Ganekomdttanonia.

123 4059 414 4130 &Epiumrloner
423 4058 454 4113 de
464 4059 526 4113 otio
533 4079 585 4133 sep.
594 4080 617 4114 e.
665 4080 690 4132 p·
701 4060 762 4124 256,
777 4064 835 4128 257,
846 4076 871 4117 et
879 4064 1021 4121 Bumeuu.
1032 4066 1065 4121 nd
1073 4066 1178 4120 Petron.

89 4138 141 4207 30,
154 4136 184 4191 3.
195 4160 214 4187 ι
225 4138 292 4193 Dum
303 4140 423 4193 maximo
434 4137 463 4191 iu
474 4136 521 4191 liae
532 4158 559 4192 re
569 4138 621 4191 die·
670 4160 694 4194 e.
708 4138 766 4194 ⁵38.
774 4140 949 4196 Rullo-De
959 4144 1050 4199 Renes.
1059 4146 1111 4212 vl,
1123 4165 1179 4216 etp.

89 4217 186 4275 sideni
200 4232 277 4273 ueto
288 4218 473 4292 Epicureorum
487 4218 621 4275 estrim-
669 4234 758 4275 uxttt
768 4236 775 4274 t
784 4242 799 4270 e
812 4220 883 4290 Quid
893 4232 922 4275 tu
936 4223 997 4277 istos
1007 4224 1103 4290 libros,
1115 4244 1179 4297 quos

230 4316 291 4383 111.
988 4323 1033 4391 28
