2975 4992
330 494 396 585 ³90
432 558 434 563 ,
623 490 663 557 u
694 470 866 559 aunei
891 490 1109 558 sannen

329 618 456 705 induo,
477 620 537 711 qui
554 620 676 710 quaerit
693 618 753 686 ubi
770 642 806 686 ee
824 620 1040 713 experiatur,
1056 619 1117 688 ubi
1132 620 1290 689 virtutem
1308 643 1401 691 auam

323 734 503 820 'ostenden

512 860 728 935 Spumantemque
740 860 796 923 dari
806 878 895 935 pecora
904 860 971 913 iuter
981 861 1072 916 inertie
1082 862 1149 916 voti·

509 948 586 1020 Optat
596 966 702 1017 aprum,
713 961 758 1001 aut
768 946 868 1003 lulium
877 946 1028 1001 dmum
1040 961 1127 1002 monte
1136 947 1237 1001 hortem
1244 952 1264 1000 ¹.

328 1068 429 1138 Libet
444 1068 576 1161 aliquid
590 1067 718 1137 habere
733 1067 826 1161 qnod
842 1069 996 1152 vineam,
1013 1068 1111 1160 cujus
1126 1068 1290 1162 patientia
1305 1090 1404 1135 exer*-

233 1185 237 1193 '
329 1207 421 1254 cear.
440 1188 525 1253 Nam
541 1184 609 1253 hoc
626 1207 763 1277 quoque
779 1184 955 1277 egregium
970 1183 1103 1251 Sextius
1115 1182 1242 1264 habet,
1261 1183 1357 1274 quod
1368 1200 1403 1251 et

330 1301 484 1370 ostendet
506 1301 569 1369 tibi
594 1302 701 1368 bentae
722 1302 801 1373 vitae
825 1297 1114 1391 magnitudinem,
1140 1314 1174 1366 et
1191 1298 1403 1390 desperatio·

289 1440 304 1491 3
330 1420 433 1486 nem²
454 1416 528 1508 ejus
547 1438 615 1483 non
635 1415 748 1484 saciet.
769 1404 881 1487 Soieo³
904 1434 978 1479 eene
997 1412 1088 1479 illam
1111 1415 1148 1479 in
1166 1412 1320 1497 excelso,
1341 1413 1405 1481 aed

330 1532 456 1601 volenti
473 1530 731 1624 penetrabilem.
747 1535 820 1599 Hoc
837 1523 949 1600 idem‘
963 1531 1081 1598 Virtus
1097 1529 1161 1596 tihi
1174 1529 1249 1621 ipea
1264 1543 1404 1622 petente·

331 1648 407 1732 hit,
435 1662 474 1716 ut
497 1648 589 1716 illam
610 1649 809 1732 admireris,
838 1662 872 1714 et
898 1662 1010 1713 tamen
1035 1668 1167 1738 operes.
1195 1645 1283 1712 Mihi
1310 1660 1406 1712 certe

332 1766 474 1833 multum
487 1763 623 1833 auferre
642 1780 707 1833 tem
712 1765 806 1858 poris
819 1762 905 1830 nolet
917 1761 1157 1854 contemplatio
1171 1764 1245 1853 ipen
1258 1762 1405 1854 Sapien-

332 1884 388 1951 tiae
406 1908 414 1947 t
431 1906 502 1949 uon
517 1882 620 1950 aliter
630 1883 722 1951 illam
737 1884 874 1949 intueor
886 1878 1159 1971 obstupefactus,
1176 1900 1275 1969 qnam
1292 1880 1406 1971 ipeum

333 1998 471 2066 interim
488 1998 651 2066 mundum
660 1990 687 2082 ⁵,
708 2022 810 2089 quem
824 2018 914 2087 aoepe
931 2009 1092 2085 tanquam
1111 2009 1281 2088 spectator
1294 2018 1406 2063 novun

334 2110 447 2183 video.

382 2232 539 2297 Veneror
556 2226 683 2319 itaque
712 2228 850 2295 inventa
882 2227 1064 2319 sapientire
1096 2227 1364 2320 inventoresque
1396 2254 1405 2294 ι

292 2358 309 2421 t
334 2346 429 2415 adire
441 2340 468 2429 ⁶,
486 2360 645 2435 tanquam
660 2342 841 2409 multorum
856 2340 1080 2410 hereditatem
1095 2392 1106 2426 ,
1118 2344 1227 2435 juvat.
1240 2345 1329 2411 Mihi
1344 2346 1408 2411 ieta

334 2462 528 2556 acquisita,
551 2457 636 2525 mihi
661 2458 724 2525 ista
748 2457 899 2526 laborata
918 2474 1009 2525 sunt.
1036 2457 1104 2527 Sed
1121 2482 1260 2553 agamus
1277 2459 1408 2530 bonum

334 2574 631 2672 patremfamilias,
654 2573 815 2641 faciamus
830 2573 993 2665 ampliora
1010 2596 1087 2664 quae
1100 2576 1292 2666 accepimut
1310 2601 1318 2640 :
1337 2600 1410 2643 ma·

331 2692 389 2791 jor
412 2696 475 2762 ieta
501 2685 675 2757 hereditas
699 2712 719 2757 a
743 2712 797 2755 me
822 2687 866 2755 ad
890 2703 1045 2781 posteros
1069 2705 1229 2759 transeat.
1259 2692 1409 2759 Multum

336 2808 449 2881 ndhuc
466 2820 570 2874 restat
587 2805 721 2899 operia,
742 2802 954 2899 multumque
978 2806 1138 2891 restabit,
1166 2831 1231 2874 nec
1248 2806 1311 2873 ulli
1329 2823 1411 2874 nato

253 2938 255 2946 ⁴
337 2938 414 3015 poet
425 2922 516 2989 mille
533 2920 654 2991 eaecula
667 2918 897 3013 praeoludetur
912 2922 1042 2989 occasio
1055 2919 1186 3015 aliquid
1197 2920 1310 2989 adhuc
1324 2922 1412 3015 adji-

339 3034 464 3105 oiendi.
487 3035 575 3121 Sed,
602 3035 732 3103 etiamsi
758 3036 871 3102 omnia
898 3058 919 3106 a
943 3035 1118 3105 veteribus
1141 3036 1278 3103 inventa
1301 3051 1409 3117 eunt,

338 3149 405 3221 hoc
429 3174 561 3243 semper
580 3174 704 3218 novum
730 3151 818 3235 erit,
845 3174 945 3233 unua,
976 3167 1010 3219 et
1032 3152 1247 3221 inventorum
1272 3152 1315 3218 ab
1335 3153 1412 3220 aliia

298 3314 311 3360 7
339 3264 539 3335 scientiane
562 3266 751 3358 dispositio.
773 3268 859 3334 Puta
876 3267 994 3335 relicta
1017 3266 1117 3335 nobie
1135 3266 1410 3349 medicamenta,

341 3382 465 3477 quibus
475 3398 677 3451 sanarentur
686 3381 777 3449 oculi
793 3408 800 3448 :
817 3406 886 3451 non
899 3407 983 3476 opus
993 3393 1044 3452 eat
1057 3382 1141 3452 mihi
1154 3384 1222 3452 alia
1235 3408 1411 3477 quaerere,

375 3618 397 3652 ι.
415 3600 535 3651 leonem.
555 3598 650 3651 Vertar
668 3608 726 3659 eunt
745 3596 849 3667 Virgilii
898 3597 1035 3657 Animadv.
1046 3599 1074 3649 iu
1089 3599 1163 3652 Annl.
1176 3600 1237 3653 Vol.
1253 3601 1283 3663 l,
1298 3600 1329 3652 P.
1343 3600 1370 3666 1,
1389 3622 1414 3674 p.

341 3678 405 3733 AEn.
422 3678 469 3744 w,
487 3678 550 3742 158,
572 3676 602 3728 de
622 3676 725 3728 Artemi
743 3674 850 3747 juvenili
898 3694 947 3727 nro
959 3696 996 3746 eq.
1007 3676 1096 3729 Ruhk.

342 3756 505 3809 exsultatione
517 3767 541 3807 et
555 3752 641 3828 gloria
653 3754 780 3829 cupidine.
791 3752 827 3806 R.
932 3756 956 3819 4.
968 3752 1028 3807 Hor
1046 3756 1116 3807 idm
1127 3756 1168 3807 ed.
1187 3756 1224 3808 R.
1241 3774 1299 3807 curn
1310 3756 1415 3808 minis:

375 3834 629 3901 nDespemtionem,
640 3828 793 3882 nthdnriam
803 3830 852 3882 nlo·
899 3850 953 3884 non
966 3833 1013 3884 hoc
1021 3835 1135 3901 quidem.
1145 3830 1228 3885 Scdw.

342 3930 369 3963 re
380 3906 850 3983 possimuseamconteqnendi.1luhk.
934 3911 957 3961 5.
968 3910 1114 3970 Mundum,
1126 3910 1144 3962 i.
1153 3930 1176 3963 e.
1188 3910 1291 3965 eoelnm.
1303 3909 1398 3962 mah.

376 3988 400 4040 ³.
413 3988 509 4041 Scies...
520 3992 549 4039 in
563 3989 671 4041 excelso.
684 3986 771 4038 lielert
780 3986 852 4037 Noa-
932 3988 1161 4055 li.Adire...1'uoat.
1175 3988 1220 4040 Me
1234 3989 1306 4060 javat
1321 4007 1415 4041 eornm

342 4080 381 4127 ter
392 4068 434 4121 hie
445 4069 477 4121 ad
492 4068 571 4121 vitam
586 4068 701 4136 henum,
716 4084 775 4138 qun
790 4066 852 4119 aliu
900 4085 977 4139 opera
987 4066 1056 4119 adire
1069 4104 1077 4132 ,
1090 4067 1108 4119 i.
1121 4086 1143 4119 e.
1156 4065 1258 4136 legere,
1271 4078 1298 4119 et
1312 4066 1416 4118 marito-

344 4144 376 4200 de
386 4147 475 4200 virtute
488 4146 553 4200 dieta
562 4145 659 4199 suntab
669 4146 783 4199 Hesiodo
793 4154 820 4197 Ε.
829 4168 852 4197 ι.
900 4165 958 4200 mm
972 4158 1001 4199 nt
1015 4147 1051 4199 ita
1065 4147 1148 4200 dicam
1159 4159 1291 4200 anctorum
1305 4145 1415 4207 heredia

344 4214 391 4293 llp.
404 4226 458 4278 265.
470 4226 511 4279 cf.
526 4226 550 4277 ll
563 4226 594 4278 de
606 4226 647 4278 Ira
659 4223 744 4294 13,3,
758 4223 851 4277 Jacobs
902 4234 977 4275 tatem
989 4222 1114 4296 colligere.
