2975 4992
311 438 380 507 306
606 438 649 505 L.
676 436 853 507 ANNAEI
876 438 1092 507 SRNECAE

308 581 343 635 et
360 590 496 635 movere
513 570 567 634 se¹
586 565 702 659 jussus
719 583 771 637 est
787 566 908 651 miles,
930 570 1058 638 excutit
1075 568 1261 639 necessitas
1276 568 1383 661 quid-

307 683 392 775 quid
408 706 474 777 pax
495 684 602 751 otiosa
620 683 818 777 collegerat.
833 688 910 753 Non
929 701 1028 755 vacat
1044 686 1128 755 mihi
1145 685 1253 755 verba
1277 684 1383 755 dubie

306 800 463 870 cadentia
480 802 708 887 consectaria
722 817 758 869 et
771 802 941 871 vafritiam
956 804 993 871 in
1008 803 1075 871 iIIis
1088 826 1197 872 meam
1215 804 1382 896 experiri.

500 964 610 1039 Aspice,
622 963 668 1033 qui
681 975 774 1018 coeant
784 964 886 1037 populi,
900 984 957 1036 qu:
970 964 1065 1019 muenia
1077 964 1169 1017 clausis

499 1048 608 1103 Ferrum
621 1060 714 1114 arsut
725 1046 861 1122 portis³!...

304 1202 430 1292 Magno
463 1196 549 1265 mihi
576 1198 690 1264 animo
717 1196 879 1289 strepitus
909 1198 971 1264 iste
994 1194 1077 1263 belli
1097 1198 1383 1264 circumsonantis

261 1323 278 1376 ⁸
304 1309 545 1383 exaudiendus
560 1329 624 1382 est.
653 1314 801 1383 Demens
828 1312 985 1380 omnibus
1010 1314 1131 1381 merito
1156 1312 1309 1396 viderer,
1325 1316 1381 1393 si,

304 1454 409 1523 quum
436 1429 566 1497 sarain
583 1430 833 1495 munimentum
858 1450 1031 1494 murorum
1051 1451 1151 1495 senes
1174 1428 1381 1521 feminaque

305 1568 550 1649 congererent,
568 1577 672 1645 quum
685 1552 848 1645 juventus
865 1553 956 1618 intra
969 1568 1084 1644 portas
1099 1568 1228 1620 armata
1242 1554 1384 1645 signum

302 1672 492 1765 eruptionis
515 1683 747 1763 exspectaret,
774 1683 833 1736 aut
855 1683 1030 1762 posceret,
1053 1693 1158 1761 quum
1183 1668 1321 1736 hostilia
1341 1670 1382 1735 in

301 1790 409 1883 portis
428 1786 495 1855 tela
514 1786 707 1867 vibrarent,
727 1800 763 1853 et
781 1786 892 1878 ipsum
915 1785 1023 1851 solum
1045 1784 1316 1853 subfossionibus
1346 1804 1382 1851 et

302 1902 470 1972 cuniculis
499 1914 680 1983 tremeret3
710 1895 866 1965 sederem
897 1898 1024 1966 otiosus
1041 1913 1075 1964 et
1092 1895 1257 1989 ejusmodi
1282 1923 1384 1989 quae-

302 2012 509 2115 stiunculas⁴
530 2040 660 2111 ponens
678 2042 685 2083 ι
706 2043 723 2078 r
736 2013 843 2107 Quod
856 2039 925 2081 non
939 2014 1139 2108 perdidisti,
1155 2014 1282 2098 habes,
1298 2039 1381 2083 cor·

304 2162 374 2206 nna
388 2154 500 2205 autem
516 2158 584 2202 non
598 2130 779 2229 perdidisti
793 2161 802 2217 ς
819 2155 945 2199 cornua
959 2155 1043 2224 ergo
1056 2129 1163 2200 habes
1179 2158 1187 2196 ι
1205 2159 1222 2195 s
1241 2132 1384 2225 aliaque

261 2260 278 2313 9
302 2252 345 2321 ad
367 2251 557 2345 exemplum
570 2249 672 2342 hujus
684 2264 792 2331 acutae
808 2245 1020 2315 delirationis
1036 2248 1248 2316 concinnata.
1265 2250 1379 2343 Atqui

303 2391 400 2460 aeqne
416 2368 495 2436 iicet
509 2364 648 2459 demens
659 2363 720 2431 tibi
731 2364 863 2445 videar,
876 2365 905 2431 si
915 2365 988 2431 istis
1002 2364 1199 2457 impendero
1212 2389 1355 2460 operam
1371 2394 1379 2433 :

303 2500 338 2551 et
353 2504 445 2549 nunc
466 2478 636 2549 obsideor.
658 2480 759 2548 Tunc
779 2470 910 2546 tamen⁵
931 2478 1120 2571 periculum
1139 2480 1223 2548 mihi
1241 2482 1387 2551 obsesso

303 2617 476 2669 externum
489 2600 700 2682 immineret,
709 2621 827 2664 murus
837 2620 889 2664 me
900 2597 944 2665 ab
955 2597 1051 2665 hoste
1060 2616 1272 2666 secerneret:
1285 2625 1385 2669 nunc

303 2720 477 2791 mortifera
488 2740 620 2785 mecum
633 2731 725 2785 sunt.
739 2718 815 2784 Non
827 2738 910 2783 vaco
923 2714 968 2783 ad
978 2717 1059 2783 istas
1070 2718 1217 2809 ineptius
1230 2745 1238 2784 ι
1252 2719 1385 2813 ingens

304 2836 479 2929 negotium
493 2836 529 2902 in
544 2832 702 2902 manibus
716 2849 780 2901 est.
794 2830 889 2924 Quid
902 2830 1125 2927 agam?inors
1138 2858 1191 2902 me
1205 2837 1381 2929 sequitur,
1395 2836 1400 2843 '

304 2954 392 3047 fugit
409 2952 498 3038 vita,
514 2950 678 3021 adversus
699 2951 773 3019 haec
792 2974 846 3018 me
862 2949 947 3019 doce
965 2948 1116 3043 aliquid!
1139 2952 1239 3021 effice
1258 2969 1297 3020 ut
1312 2978 1389 3049 ego·

305 3184 329 3223 st
339 3170 413 3225 Grut.
426 3169 553 3223 IIIaIebsm
567 3181 651 3221 tamen
662 3164 754 3219 rodim
764 3170 819 3219 Ioco
867 3166 969 3241 scriptio
982 3167 1053 3221 urbis
1062 3168 1183 3233 obsessa,
1197 3169 1224 3223 in
1236 3172 1312 3243 cujus
1322 3194 1390 3227 mu-

304 3250 387 3303 tabeo
398 3249 438 3300 vel
447 3267 523 3317 pono.
530 3246 557 3300 Si
566 3259 690 3319 receptam
698 3244 755 3297 lect.
764 3264 819 3296 ter·
867 3248 1010 3299 nimentum
1017 3248 1060 3300 ie.
1068 3268 1152 3302 muros
1158 3262 1183 3301 et
1189 3254 1391 3325 propngnsmlz

305 3348 360 3395 ves,
372 3327 476 3379 verbum
490 3323 658 3399 supplendum
670 3334 713 3375 est.
726 3320 811 3379 Sthe.
868 3324 1056 3381 imbellisturba
1065 3349 1122 3382 sm
1132 3334 1231 3385 confert
1240 3332 1267 3385 in
1279 3332 1389 3389 bostem

342 3428 361 3459 ι.
368 3406 471 3458 Movere
477 3423 510 3456 se.
519 3402 571 3456 Sit.
580 3402 637 3456 edd.
644 3416 703 3455 vett.
710 3415 734 3454 et
740 3400 817 3454 rnssti.
867 3403 1017 3477 dejicienda.
1029 3406 1119 3460 Rutu.

305 3487 400 3541 Proeter
412 3486 535 3539 rationem
547 3484 668 3537 omissum
686 3495 738 3537 erat
755 3502 818 3555 pro·
900 3484 924 3547 4.
943 3482 1216 3554 Quoests'unculas.1)e
1230 3491 1390 3559 questiun-

306 3590 398 3621 notnen
412 3566 471 3619 inde
485 3565 516 3618 ab
528 3564 567 3617 cd.
579 3564 647 3637 Lips.
655 3562 735 3617 Setos.
867 3559 923 3613 cula
934 3563 965 3613 cf.
976 3564 1021 3634 Ep.
1031 3576 1115 3628 xum
1129 3564 1280 3618 rotlindis.

340 3667 362 3697 r.
376 3644 462 3697 Verba
469 3644 545 3697 dubie
555 3642 818 3695 cadentioconsecto-
901 3641 924 3692 5.
942 3640 968 3691 T
964 3660 1049 3693 amere
1065 3640 1167 3695 Proestst
1180 3644 1291 3697 fortassis
1302 3656 1389 3699 :tarr-

306 3726 337 3774 n'.
346 3719 545 3773 Dialecticorum
554 3718 744 3771 more.Etenim
751 3716 817 3769 msIs
866 3729 931 3771 tum·
943 3718 1068 3772 contum
1080 3734 1164 3774 sulem
1177 3742 1230 3775 esse
1240 3743 1255 3774 s
1268 3723 1392 3779 librariis

306 3814 327 3850 et
342 3798 452 3871 pericula
468 3796 580 3871 undique
594 3794 658 3849 mihi
673 3795 818 3849 imminent.
866 3794 912 3848 has
922 3798 983 3849 duas
994 3798 1095 3853 vocolss
1105 3837 1113 3865 ,
1125 3799 1199 3854 docet
1217 3802 1397 3859 sehwmim

305 3878 395 3931 Bnlrlr.
867 3876 900 3930 sd
915 3876 982 3929 Ptin.
1001 3879 1125 3953 Panegyr-
1145 3902 1168 3935 c.
1186 3883 1227 3933 31.
1245 3881 1343 3936 Rnuk.
1354 3914 1394 3925 --

338 3958 362 4009 3.
374 3958 593 4025 Aspr'ce.·.portis.
614 3957 708 4008 Versus
726 3967 785 4007 sunt
804 3974 817 4007 e
867 3954 912 4011 sic
923 3954 1097 4028 Rnbkopfius,
1111 3972 1137 4013 st
1148 3958 1236 4013 sehw.
1248 3978 1256 4013 ε
1268 3971 1334 4016 tutte
1347 3976 1393 4015 ω-

304 4037 397 4113 Virgil.
410 4036 471 4090 AEn.
482 4036 561 4099 VIII,
573 4034 622 4089 385
630 4054 667 4107 sq.
678 4032 753 4086 verbs
764 4032 819 4086 Vc·
866 4055 946 4102 men,
958 4036 1058 4107 inquit,
1067 4035 1133 4089 bene
1140 4038 1236 4106 Iubet,
1248 4058 1298 4091 nec
1312 4040 1394 4112 cqui-

305 4116 373 4169 neris
397 4136 412 4169 a
433 4106 550 4169 Vulcano
571 4132 641 4166 erma
665 4112 772 4187 petentis
789 4110 820 4163 in
868 4112 1394 4185 demtrrrrctantumreqnirsmrunlhh·

276 4260 285 4267 -
305 4216 378 4247 usum
398 4192 495 4249 AEneae.
519 4193 638 4263 Sequitur
660 4190 747 4244 vivida
765 4190 819 4245 de·-
866 4189 961 4265 Iopfio.
