2975 4992
317 421 386 508 446
611 422 651 487 L.
677 416 853 485 ANNAEI
878 417 1093 487 SENECAE

317 573 338 616 e
359 547 571 629 Germanis¹,
593 564 699 637 quum
716 542 761 613 ad
785 548 968 615 matutina·
987 547 1179 640 spectacula
1194 569 1389 641 pararetur,

319 665 458 735 secessit
470 662 515 751 ad
531 659 782 729 exonerandum
800 684 944 755 eorpus3
960 661 1090 731 nulium
1104 662 1199 733 aliud
1213 664 1265 732 illi
1283 666 1392 737 daba-

318 798 376 850 tur
389 782 463 849 sine
477 776 616 848 custode
626 793 792 845 secretum
808 804 816 845 ε
833 778 881 845 ibi
893 778 1025 873 lignum
1038 778 1094 866 id,
1108 780 1200 872 quod
1213 781 1258 851 ad
1271 806 1393 853 emun-

257 929 262 940 ·
318 896 430 967 danda
444 896 603 963 obseoena
615 893 812 963 adhaerente
824 896 967 989 spongia
979 896 1127 989 positum
1141 912 1212 981 est,
1230 914 1335 969 totum
1354 901 1393 967 in

320 1014 433 1107 gulam
448 1012 565 1095 farsit,
582 1026 616 1078 et
628 1011 663 1077 vi
677 1010 851 1103 praeolusis
874 1011 1028 1083 faucibus
1044 1012 1202 1107 spiritum
1220 1013 1324 1082 elisit.
1348 1050 1389 1067 -

318 1134 393 1201 Hoc
406 1123 491 1198 tuit³
514 1128 614 1199 morti
632 1126 869 1195 contumeliam
888 1125 1019 1197 faeere!
1039 1166 1087 1183 ·-
1103 1132 1155 1197 Ita
1170 1152 1322 1223 prorsus.
1347 1168 1388 1183 --

266 1252 295 1312 ιε
318 1248 444 1315 Parum
458 1245 604 1329 munde,
621 1262 656 1313 et
668 1268 788 1339 parum
803 1240 985 1327 decenter!
1002 1282 1049 1299 --
1063 1243 1160 1337 Quid
1174 1261 1226 1315 est
1238 1245 1389 1329 stultius,

320 1376 422 1457 qnam
445 1361 617 1429 fastidiose
637 1360 751 1429 mori?
768 1360 800 1431 O
814 1362 924 1431 virum
946 1357 1086 1430 fortem!
1110 1385 1131 1429 o
1148 1360 1315 1454 dignum,
1335 1361 1393 1431 oui

321 1478 381 1547 fati
398 1474 536 1545 daretur
552 1475 673 1545 electio
682 1470 696 1545 i,
708 1498 809 1566 qnam
824 1474 957 1543 fortiter
974 1475 1033 1545 ille
1052 1475 1163 1569 gladio
1177 1500 1260 1547 usus
1275 1472 1388 1546 esset!

320 1620 423 1688 quam
444 1596 596 1663 animose
618 1593 656 1661 in
682 1590 886 1685 profundam
913 1617 949 1661 se
972 1592 1185 1663 altitudinem
1212 1595 1393 1666 maritant
1465 1620 1466 1629 ¹

318 1702 476 1790 abscisas
494 1710 589 1802 rupis
611 1704 819 1777 immisisset!
847 1708 1008 1801 Undique
1036 1706 1238 1792 destitutus,
1259 1711 1392 1779 invenit

320 1809 604 1917 quemadmodum
630 1839 666 1891 et
690 1828 832 1891 ¹mortem
861 1824 926 1893 sibi
953 1824 1096 1893 deberet
1116 1842 1151 1895 et
1173 1821 1298 1895 telum⁵
1324 1812 1332 1895 i
1354 1845 1391 1895 nt

321 1946 427 2027 soias,
456 1941 501 2011 ad
523 1940 735 2011 moriendum
762 1941 851 2009 nihil
872 1941 968 2011 aliud
990 1944 1027 2011 in
1053 1969 1148 2013 mora
1172 1965 1264 2027 esse,
1290 1969 1390 2037 quam

268 2058 425 2158 ‚9-velle.
446 2056 662 2125 Existimetur
684 2054 729 2121 de
750 2053 838 2121 facto
854 2055 1001 2128 bominis
1022 2059 1198 2139 acerrimi,
1214 2073 1254 2125 ut
1268 2060 1392 2151 cuique

321 2175 432 2254 visum
443 2173 510 2241 erit
522 2200 532 2257 3
547 2169 627 2239 dum
640 2171 706 2239 boe
719 2185 851 2239 constet
864 2171 1111 2263 praeferendam
1124 2196 1198 2243 esse
1212 2174 1393 2265 spurcissi-

320 2314 409 2365 mam
423 2304 566 2365 mortem
582 2289 735 2356 servituti
757 2288 997 2357 mundissimae.
1015 2290 1187 2382 Quoniam
1207 2292 1295 2384 ooepi
1315 2314 1393 2361 sor-

321 2404 413 2473 didis
426 2407 477 2471 nti
494 2403 674 2495 exemplis,
694 2404 919 2496 perseverabo
928 2430 944 2471 .:
962 2404 1037 2497 plue
1051 2406 1144 2477 enim
1158 2430 1179 2476 a
1194 2430 1230 2473 se
1243 2409 1392 2498 quisque

321 2522 448 2614 exiget,
458 2523 487 2589 si
502 2521 638 2602 viderit,
655 2520 743 2591 bano
758 2544 830 2590 rem
844 2521 944 2589 etiam
953 2546 974 2589 a
983 2523 1281 2614 contemptissimis
1291 2546 1392 2615 posse

320 2639 506 2707 contemni.
519 2638 686 2719 Catones,
700 2638 971 2730 Scipionesque,
994 2653 1029 2705 et
1041 2637 1143 2719 alios,
1163 2661 1251 2730 quos
1268 2637 1392 2706 andire

321 2781 398 2827 oum
407 2754 632 2824 admiratione
642 2754 898 2839 consuevimus,
911 2777 1012 2847 supra
1025 2754 1249 2823 imitationem
1264 2756 1392 2849 positos

319 2888 494 2966 putamns3
501 2871 573 2963 jam
582 2893 647 2963 ego
657 2870 754 2940 istam
765 2869 927 2939 virtutem
938 2870 1065 2939 habere
1076 2888 1143 2943 tam
1155 2871 1263 2939 multa
1277 2894 1393 2941 exem-

319 2989 377 3083 pla
391 2988 522 3055 inludo
540 2987 722 3070 bestiario,
746 3008 846 3077 quam
862 2987 899 3053 in
917 2985 1062 3055 ducibus
1083 2986 1165 3063 belli
1187 2986 1319 3069 civilis,
1335 3012 1390 3056 os-

319 3105 469 3175 tendam.
490 3105 607 3197 erm
627 3101 857 3171 adveheretur
873 3124 985 3196 nuper
1006 3106 1097 3171 inter
1121 3102 1292 3173 custodias
1311 3109 1395 3198 qui-

356 3349 377 3380 ι.
398 3326 475 3378 Unus
490 3344 504 3377 e
519 3324 675 3388 Germanis,
697 3323 742 3393 qui
762 3322 829 3377 bello
878 3334 958 3387 mort,
967 3325 1023 3393 fen
1033 3329 1158 3379 convictis·
1170 3324 1266 3379 Sensus
1279 3339 1317 3379 est
1328 3326 1392 3379 sim·

321 3402 830 3551 iPdiiiiiiiiiiiiiiiiiii
878 3400 1391 3545 33²5..?J;5.2332.?‘3?3.2⁵t5.{ffitt

322 3563 366 3615 Sir
379 3561 445 3614 Dari
460 3561 528 3613 bello
542 3560 608 3633 capti
623 3580 681 3613 cnm
699 3560 789 3617 Suavis
802 3560 830 3613 in
879 3558 927 3611 tior
938 3557 1021 3625 fieret,
1036 3559 1166 3613 obscurior
1177 3562 1240 3615 iacta
1253 3575 1298 3615 est.

321 3640 388 3694 ludis
401 3659 514 3713 pugnare
523 3637 687 3710 cogebantur.
699 3636 750 3688 Dio
762 3636 830 3691 Cass.
911 3638 933 3701 4.
946 3639 1065 3689 Abscisa
1077 3637 1163 3711 scripsi
1179 3658 1238 3691 turn
1254 3640 1297 3691 ed.
1313 3638 1351 3691 A.
1366 3651 1390 3691 et

321 3718 500 3785 u,22.F10r.
513 3718 559 3781 lv,
573 3735 610 3769 ιι.
624 3714 715 3767 Ruth.
754 3776 756 3781 ι
880 3732 938 3765 mss.
947 3712 971 3767 b.
981 3734 1001 3767 c.
1014 3714 1054 3767 cf.
1066 3714 1173 3767 Criticos
1183 3716 1215 3767 ad
1226 3716 1280 3769 Liv.
1291 3716 1388 3781 XXXI,

354 3819 377 3850 a.
397 3797 535 3851 Matutino
554 3798 707 3865 mutuum.
727 3794 830 3853 Confer.
880 3790 925 3859 34,
938 3794 970 3859 4,
985 3807 1057 3863 xm,
1072 3795 1100 3857 5,
1112 3794 1136 3845 5.
1147 3790 1228 3847 Sabo·

320 3897 396 3951 supra
404 3874 649 3949 Episnv11.8imilia
659 3887 831 3927 autemexem-
911 3872 934 3921 5.
950 3868 1065 3922 Mortem
1079 3872 1133 3924 sibi
1148 3872 1248 3924 deberet
1261 3883 1288 3927 et
1298 3875 1388 3926 telum.

205 3977 210 3982 ·
320 3958 363 4030 pla
382 3955 498 4009 baberet
513 3954 543 4011 in
561 3952 717 4025 Symmacho
735 3952 780 4005 lib.
801 3970 829 4017 a,
879 3947 1057 4021 Exspectabam
1064 3950 1390 4019 daret,parorer,aurali·

320 4034 402 4105 Epist.
414 4048 484 4086 navt.
495 4032 611 4101 lipsius.
879 4028 942 4100 qnid
952 4028 1000 4082 tale
1009 4046 1015 4081 τ
1024 4031 1068 4082 aad
1079 4029 1118 4082 nil
1126 4030 1299 4083 mutantiibri.
1307 4030 1388 4084 Saba.

353 4112 377 4164 3.
395 4112 454 4165 Hoc
461 4111 554 4183 suia...
570 4113 610 4163 ita
624 4127 742 4178 prorsus.
758 4106 830 4161 Bene
879 4111 961 4161 -lna
972 4129 1001 4161 ex
1010 4128 1063 4180 sqq.
1074 4108 1199 4163 :Mortem
1208 4108 1257 4161 ribi
1267 4130 1322 4164 non
1332 4121 1392 4162 tw

320 4190 395 4251 vertit
404 4190 560 4259 Logmoget
571 4189 829 4257 C'e'raitomragerta
879 4199 933 4241 turn
944 4187 1091 4261 imperavit,
1102 4189 1147 4241 sed
1156 4186 1262 4241 invenit.
