2975 4992
318 466 379 532 1'16
605 466 645 529 L.
670 451 847 528 'ANNAEl
870 460 1085 530 SENECAE

310 596 383 662 sinc
403 594 472 661 ullo
491 590 534 659 ad
555 614 607 658 me
624 590 757 683 peculio
774 592 888 657 veniet
903 592 1064 659 l-Noli
1084 596 1227 681 timere3
1247 596 1382 688 aliquid

309 733 421 778 secum
434 705 548 777 seced!
562 730 668 798 quare
681 705 814 797 aliquid
825 705 895 773 dixi
908 708 1089 777 i’multum.
1104 708 1200 801 Quid
1211 715 1301 779 enim
1312 713 1380 779 liae

308 842 389 895 voce
413 824 628 919 praeclarius,
657 847 757 914 quam
784 822 834 888 illi
862 824 960 891 trado
983 822 1027 891 ad
1055 842 1088 893 te
1104 826 1382 918 perfeoetidam?

256 964 259 970 ·
312 968 328 1005 u
340 937 467 1009 Malum
477 954 549 1020 est,
567 940 603 1004 in
616 938 817 1005 necessitate
830 938 946 1006 vivere
964 964 972 1004 ε
989 937 1097 1006 sedin
1111 940 1311 1008 necessitate
1322 943 1379 1009 vi-

307 1073 405 1139 vere,
424 1054 604 1123 necessitas
617 1045 710 1121 nulla
725 1066 788 1121 est.
809 1070 826 1117 u
843 1052 976 1145 Quidni
989 1053 1084 1121 nulla
1098 1055 1142 1121 sit
1153 1054 1169 1121 P
1180 1070 1298 1147 patent
1311 1076 1379 1122 nn-

306 1170 411 1263 dique
427 1170 471 1239 ad
484 1170 675 1238 libertatem
689 1171 753 1236 viae
771 1169 905 1249 multae,
923 1168 1064 1252 breves,
1081 1169 1208 1237 faciles.
1225 1170 1378 1261 Agamus

305 1286 377 1351 Deo
398 1284 545 1377 gratias,
567 1280 660 1373 quod
678 1305 778 1349 nemo
797 1284 832 1348 in
845 1284 914 1348 vita
933 1283 1042 1350 teneri
1059 1287 1194 1375 putest²
1213 1309 1222 1351 ι
1240 1284 1375 1350 calcare

305 1402 394 1493 ipsas
407 1401 622 1469 necessitates
639 1398 728 1468 licet.
751 1425 767 1460 u
782 1400 948 1491 Epicurus
960 1393 987 1480 ³,
1004 1401 1141 1491 inquis,
1156 1399 1256 1467 dixit.
1275 1400 1375 1491 Quid

305 1514 367 1581 tibi
382 1538 458 1581 cum
471 1513 583 1581 alieno
600 1514 615 1580 P
633 1540 647 1575 u
665 1510 771 1603 Quod
789 1536 907 1580 verum
920 1526 991 1593 est,
1014 1537 1126 1581 meum
1149 1530 1199 1581 est
1222 1540 1230 1577 :
1251 1538 1373 1606 perse·

189 1680 192 1687 .
303 1628 428 1697 vei-abo
441 1630 628 1721 Epicurum
648 1626 710 1694 tibi
726 1628 905 1719 ingerere3
920 1644 958 1695 ut
972 1631 1026 1697 isti
1042 1679 1052 1711 ‚
1074 1630 1133 1722 qui
1149 1632 1184 1697 in
1197 1630 1304 1698 verba
1312 1632 1376 1722 ju-

186 1759 191 1767 '
304 1760 379 1811 rant
392 1739 419 1826 ⁴,
444 1767 508 1811 nec
530 1741 613 1834 quid
638 1741 773 1811 dicatur
790 1744 981 1827 aestimant,
1001 1742 1102 1813 seda
1125 1769 1215 1837 quo,
1235 1747 1370 1827 sciant,

303 1880 377 1947 quae
397 1859 523 1951 optima
542 1872 644 1939 sunt,
665 1880 738 1925 esse
757 1860 959 1926 communia.
977 1859 1073 1927 Vale.

301 2119 368 2169 tum,
391 2124 414 2159 v.
433 2124 455 2157 e.
472 2106 504 2157 ds
522 2104 562 2157 ln
582 2106 634 2170 ΙΙΙ,
658 2125 701 2177 19,
718 2124 750 2169 ι,
764 2104 809 2157 lin.
857 2124 910 2157 uun
921 2105 1092 2157 adversantur.
1104 2104 1192 2173 Quum
1205 2107 1277 2159 enlm
1288 2107 1371 2159 animi

300 2181 387 2233 Horat
400 2182 448 2243 Ν.
460 2181 543 2235 Cam.
556 2182 600 2245 13,
617 2186 659 2247 15,
673 2183 711 2236 16.
719 2183 807 2236 Ruht.
858 2183 1069 2236 immortalitatem
1082 2183 1219 2253 rejecisset,
1233 2184 1306 2237 nulla
1315 2187 1370 2237 fere

336 2277 356 2309 1.
374 2257 466 2311 Secum
478 2260 557 2331 seret
581 2258 686 2331 Corrigs
698 2260 759 2330 ser!
779 2280 808 2311 ea
856 2260 1256 2333 ratiuerat,quaabliac,quam
1267 2262 1368 2313 Seneca

300 2348 433 2389 meatorum
444 2354 567 2390 consensu
578 2356 636 2389 cum
645 2337 728 2390 ed-A.
737 2346 764 2389 et
773 2337 808 2388 R.
856 2342 968 2411 profert,
993 2338 1120 2403 sententia
1140 2337 1253 2389 revocari
1277 2350 1368 2409 posset.

299 2416 380 2469 Schts.
857 2415 1000 2468 Stoicorum
1011 2434 1112 2484 quoque
1129 2414 1260 2465 decretum
1274 2416 1368 2467 eodem

335 2514 358 2545 2.
372 2493 491 2546 Nemsin
500 2494 556 2545 vitu
564 2496 642 2546 teneri
650 2503 741 2560 potest.
747 2494 809 2545 Tra·
857 2492 954 2557 redire,
968 2505 1070 2545 constet.
1085 2492 1126 2544 Cf.
1139 2490 1299 2544 'l'isderaann
1310 2491 1369 2562 Sy-

299 2571 369 2641 gicus
379 2589 385 2625 :
395 2593 408 2619 s
418 2571 512 2643 eripete
521 2570 598 2621 vitam
608 2590 683 2623 nemo
697 2592 749 2624 non
762 2572 809 2625 lio·
856 2582 922 2624 stem
933 2574 980 2624 der
994 2572 1118 2626 stoisclm
1129 2571 1299 2639 Philosophia
1309 2573 1366 2632 lll,

298 2647 361 2702 mini
372 2656 469 2721 potsat3
484 2660 509 2701 at
519 2666 595 2699 nemo
608 2660 747 2700 mortem.»
857 2672 881 2719 p.
894 2648 951 2719 3⁰9·
965 2649 1053 2707 lluM.

331 2725 356 2775 3.
373 2724 519 2793 Epicurus,
532 2728 635 2792 inuitis,
648 2726 809 2779 dixitlniis
890 2728 914 2791 4.
939 2727 1049 2780 Jumutt
1068 2726 1203 2779 Jummnt
1229 2744 1276 2778 ms»
1293 2726 1320 2778 b.
1342 2739 1368 2778 et

298 2820 354 2873 quae
366 2800 439 2853 nobis
447 2801 478 2853 ab
487 2801 543 2853 aliis
554 2815 698 2854 conservata
708 2815 767 2855 sunt
777 2803 808 2855 de
857 2803 922 2855 Par.
931 2806 958 2855 d.
966 2802 1095 2855 Jumunt
1106 2806 1168 2855 Por.
1177 2801 1203 2853 d.
1212 2802 1367 2854 Debuerant

297 2878 400 2952 Epicuri
411 2877 515 2931 decretis
526 2918 533 2942 ,
552 2878 605 2932 laec
617 2879 693 2932 vetba
702 2899 758 2932 non
771 2900 808 2935 rs·
857 2893 917 2953 puto
925 2884 1063 2948 juramnt,
1076 2880 1145 2950 quud
1157 2900 1186 2932 ex
1198 2898 1365 2932 unctuosum

297 2955 438 3028 perluatur,
452 2974 605 3025 quamquam
617 2956 670 3027 ejus
679 2958 808 3011 sententiis
857 2958 969 3011 laudavit
978 2958 1073 3030 Opsup.
1083 2956 1162 3011 Schts.

298 3137 1361 3176 w

541 3452 547 3465 Ι
583 3330 893 3418 suissuia
924 3334 1062 3417 xiii.

763 3546 894 3573 4*-

295 3758 360 3816 QllAE
380 3762 484 3801 unm
499 3756 561 3803 ΕΜ
579 3760 717 3801 SAPIENTlS
734 3758 906 3802 sonatwn'o.
924 3762 961 3799 DE
976 3750 1090 3804 suluuo'
1108 3764 1145 3803 ll!
1164 3766 1363 3808 setntctmts.

329 3892 480 3961 Quanqusm
493 3891 543 3963 jam
555 3890 615 3942 iude
630 3892 662 3943 ab
676 3890 844 3943 adulescentia
857 3888 969 3943 Lucilius
985 3912 1013 3945 ss
1025 3893 1127 3945 llrmum
1140 3909 1248 3965 gessem
1268 3909 1360 3951 contra

295 3976 402 4028 lottunae
410 3972 530 4047 iujurias,
541 3973 686 4047 priusquam
697 3971 864 4045 philosophie
876 3991 901 4024 se
912 3972 1035 4039 dedisset,
1048 3986 1133 4027 tamen
1142 3974 1248 4039 auailia,
1264 3979 1361 4049 quibus

294 4060 326 4112 sd
339 4059 459 4130 majorem
471 4058 613 4111 firmitatem
625 4056 717 4109 elevari
733 4056 842 4129 idedqus
853 4064 879 4110 s'e
896 4057 993 4109 munire
1006 4072 1092 4111 contra
1109 4061 1176 4112 mala
1192 4063 1283 4135 possit,
1297 4084 1359 4115 cusu

294 4156 324 4195 e'o
333 4142 630 4195 communicandacsnset
638 4142 744 4196 Seneca.
752 4142 811 4194 dam
819 4160 897 4211 quum
903 4141 1020 4215 opinioni
1030 4144 1110 4214 major
1120 4156 1201 4197 metus
1211 4158 1358 4217 tenorque,

293 4246 369 4297 quam
380 4226 438 4299 ipsis
448 4228 520 4280 rebus
529 4228 609 4281 inesse
620 4226 729 4293 soleant,
741 4227 906 4280 constantiam
915 4228 939 4279 ei
949 4230 1118 4296 commendat,
1130 4242 1153 4283 et
1162 4232 1312 4285 vacuitatem
1324 4233 1359 4287 ab
