2975 4992
326 466 391 508 asa
613 445 651 511 L.
677 440 856 511 ANNAEI
880 441 1101 515 SENECAE

325 570 362 636 in
382 570 516 637 irritum
530 568 622 638 cedit
635 572 698 638 ista
710 570 862 663 jactatio.
888 572 1047 664 Quaeris,
1065 592 1172 663 quare
1191 584 1225 636 te
1239 568 1320 661 luga
1334 566 1396 633 ista

325 707 393 752 non
403 684 705 777 adjuvetttecum
720 686 825 780 fugis.
840 687 937 757 Onus
949 687 1054 753 animi
1068 683 1306 778 deponendum
1322 696 1393 748 cst:

324 823 393 867 non
410 815 488 867 ante
508 800 571 867 tibi
591 800 680 869 ullus
699 800 847 893 placebit
870 799 976 869 locus.
992 799 1114 869 Talem
1130 808 1222 867 uunc'
1240 820 1314 866 esse
1330 794 1395 862 lsa-

323 912 432 981 bitum
456 928 550 982 tuum
573 914 702 1006 cogita,
722 910 856 1004 qualem
881 912 1066 1005 Virgilius¹
1087 928 1203 979 noster
1226 911 1312 979 vatis
1335 908 1393 973 in-

324 1026 417 1095 ducit
428 1029 500 1121 jam
517 1030 690 1098 concitatae
705 1045 739 1097 et
753 1029 942 1121 instigatae,
959 1028 1169 1120 multumque
1181 1025 1340 1094 habentis
1354 1022 1393 1087 in

325 1168 360 1212 se
374 1146 513 1238 spiritus
528 1168 595 1215 non
610 1148 661 1229 sui
680 1174 688 1213 ι

499 1296 734 1361 mechanemata,
747 1314 870 1369 magnum
882 1299 902 1351 si
915 1309 1013 1370 pectore
1024 1298 1101 1370 possit

501 1381 642 1433 Excussisse
657 1381 748 1433 Deum.

278 1523 295 1575 s
321 1502 424 1572 Vadis
441 1502 510 1571 buc
527 1504 629 1585 illuc,
649 1520 688 1572 nt
707 1474 854 1573 excutias
869 1503 1021 1574 insidens
1034 1502 1189 1598 pondus,
1208 1502 1301 1595 quod
1316 1506 1391 1596 ipsa

315 1620 498 1711 jactatione
518 1619 763 1687 incommodius
786 1620 825 1687 fit
846 1646 853 1686 :
874 1620 961 1687 sicut
977 1620 1013 1687 in
1031 1614 1110 1687 nari
1129 1642 1232 1688 onera
1250 1621 1392 1685 immota

318 1737 429 1803 minus
443 1751 567 1828 urgent
581 1764 590 1822 3
611 1733 825 1828 inaequaliter
837 1734 1015 1804 convoluta
1028 1737 1128 1803 citius
1142 1760 1213 1803 eam
1227 1751 1359 1828 partem
1376 1786 1387 1819 ‚

303 1854 353 1921 „iu
367 1875 468 1944 quam
484 1851 695 1934 incubuere,
719 1850 935 1943 demergunt.
952 1847 1134 1943 Quidquid
1151 1851 1251 1931 lacis,
1268 1868 1391 1919 contra

315 1968 467 2049 tefanis,
487 1984 522 2035 et
539 1978 632 2035 motu
647 1968 720 2060 ipso
740 1983 841 2035 noces
859 1967 945 2052 tibi3
964 1990 1092 2060 aegrum
1106 1967 1197 2036 enim
1215 1970 1384 2036 concutis.

248 2152 254 2175 Ι
314 2082 377 2161 At,
404 2104 508 2172 quum
532 2078 623 2148 istud
650 2082 813 2147 exemeris
835 2078 997 2165 malum²,
1026 2081 1136 2149 omnis
1160 2080 1300 2148 mutatio
1319 2080 1388 2148 loci

310 2195 463 2288 jucunda
483 2194 553 2265 fiet.
572 2197 611 2263 ln
628 2195 762 2263 ultimas
778 2196 958 2289 expellaris
970 2212 1079 2265 terras
1091 2197 1209 2272 licebit
1227 2225 1234 2263 :
1252 2200 1289 2266 in
1302 2224 1391 2291 quo-

313 2312 398 2381 libet
412 2312 578 2380 barbaria
592 2311 717 2404 angulo
735 2311 927 2394 colloceris,
943 2313 1118 2406 hospitalis
1137 2313 1198 2380 tibi
1215 2313 1273 2382 illa
1295 2340 1389 2407 qua·

273 2435 290 2503 4
314 2428 502 2521 liseumque
524 2426 620 2497 sedes
642 2428 719 2495 erit.
744 2428 874 2520 Magis,
896 2427 973 2519 quis
988 2428 1143 2510 veneris,
1165 2452 1268 2519 quam
1288 2453 1384 2520 quo.

314 2545 455 2614 interest
479 2571 487 2611 ε
513 2560 548 2615 et
570 2543 647 2612 ideo
667 2544 751 2611 nulli
767 2542 841 2612 loco
859 2542 1018 2611 addicere
1041 2543 1202 2613 debemus
1216 2546 1384 2613 animum.

313 2660 398 2729 Cum
410 2662 474 2730 hac
488 2661 706 2755 persuasione
720 2658 903 2729 vivendum
915 2677 966 2728 est
980 2664 1071 2729 :Non
1082 2686 1154 2729 sum
1167 2663 1227 2729 uni
1242 2654 1388 2755 ³angulo

313 2794 411 2846 natus
428 2804 436 2844 ι
452 2779 561 2871 patria
574 2800 648 2845 mea
662 2792 751 2846 totus
764 2776 822 2845 hic
835 2776 981 2845 mundus
994 2792 1056 2844 est.
1072 2776 1176 2869 Quod
1189 2778 1218 2845 si
1231 2777 1389 2870 liqueret

313 2892 375 2960 tibi
391 2942 401 2975 ‚
419 2916 487 2959 non
498 2892 715 2960 admirareris
734 2893 784 2958 nil
801 2888 954 2983 adjuvari
969 2908 1002 2961 te
1017 2894 1194 2986 regionum
1208 2895 1388 2963 varietati·

312 3008 395 3090 bus,
414 3008 450 3073 in
463 3030 547 3097 quas
559 3006 703 3075 subinde
717 3008 870 3099 priorum
886 3007 984 3074 taedio
997 3008 1124 3099 migras
1140 3034 1149 3073 ι
1166 3010 1275 3101 prima
1288 3013 1387 3079 enim

349 3266 368 3297 r.
399 3246 535 3313 Virgilius.
552 3244 616 3297 AEn.
635 3244 688 3309 vl,
710 3244 758 3311 78,
779 3263 817 3313 ῃ.
901 3242 923 3295 3.
943 3245 1001 3296 Non
1013 3246 1129 3295 sumuns‘
1138 3247 1235 3313 angulo
1246 3254 1328 3297 notus
1330 3283 1384 3300 ......

313 3324 403 3377 Sermo
420 3322 456 3375 ilsi
477 3334 513 3375 est
531 3322 561 3376 de
579 3318 676 3393 Sibylla
696 3321 816 3385 Cumas,
867 3324 988 3373 mundns.
998 3320 1055 3373 Jam
1067 3320 1163 3373 Socrati
1174 3321 1268 3373 dietum
1278 3324 1327 3378 fuit
1338 3344 1383 3397 ap.

312 3418 368 3471 qun
393 3400 471 3452 invita
500 3398 628 3453 oraculum
655 3399 753 3451 editura
776 3411 818 3451 est.
870 3399 923 3451 Cic.
933 3400 1007 3449 Tusc.
1020 3397 1092 3466 Disn.
1104 3400 1137 3459 V,
1152 3399 1192 3466 37.
1204 3400 1333 3452 Plutarch.
1349 3407 1385 3455 de

312 3475 423 3530 Proinde
436 3478 583 3541 nocebatur,
595 3476 724 3537 discurrit,
740 3476 818 3528 resis-
867 3476 941 3529 exilio
959 3477 1034 3527 Tem.
1057 3477 1138 3539 vlu,
1162 3498 1185 3547 p·
1209 3477 1267 3543 371,
1293 3477 1384 3531 Rois-k.

312 3554 818 3624 sitquefurorisaero,sps'rilninonsrso‚
866 3575 1012 3628 quenquam
1032 3556 1148 3609 Meiners
1173 3554 1305 3610 Geschr'clr.
1332 3561 1388 3611 des·

312 3654 362 3704 quo
374 3654 400 3686 se
414 3633 464 3705 jam
476 3633 557 3707 abripi
569 3634 651 3687 sentit.
662 3633 751 3685 Runa.
872 3637 960 3688 Wiss.
975 3636 1049 3688 Tom.
1062 3636 1088 3699 Ι,
1102 3657 1126 3707 p.
1139 3636 1198 3700 361,
1216 3649 1269 3689 not.
1287 3656 1383 3708 parum

345 3734 367 3766 a.
385 3717 438 3777 Ae,
449 3732 529 3783 quum
540 3714 614 3766 istud
622 3715 750 3765 exemeris
759 3731 818 3763 mo·
867 3713 922 3767 baec
932 3714 1041 3767 Socratis
1053 3714 1166 3767 moribus
1181 3714 1285 3767 aliunde
1296 3718 1383 3769 notis·

308 3795 375 3845 luen.
392 3792 453 3843 llaec
474 3790 574 3862 egregie
594 3810 651 3843 curn
670 3791 701 3841 iis
723 3809 818 3843 conve·
865 3792 936 3845 simis
947 3792 1095 3863 respondere
1109 3794 1333 3866 pronunciatzqui
1344 3810 1383 3849 ta-

309 3870 396 3935 aiunl,
407 3887 465 3940 que
473 3870 564 3924 Noster
573 3869 605 3921 de
617 3867 691 3919 exilio
702 3866 769 3919 hand
778 3886 818 3917 se·
865 3889 925 3921 rnen
939 3868 1015 3921 nimis
1028 3870 1118 3944 cupide
1130 3873 1183 3925 baec
1195 3891 1299 3939 negasse
1309 3873 1383 3927 vide-

309 3948 359 4003 mel
385 3947 411 4001 in
436 3946 614 4001 Consolatione
637 3942 669 3996 ed
697 3942 816 4027 Helviam
865 3960 906 3999 ens
922 3964 928 3998 τ
946 3948 1036 4017 quidni
1056 3949 1125 4001 enim
1140 3949 1287 4003 mundanos
1300 3952 1384 4006 tueris

308 4027 439 4103 esposuit.
458 4038 481 4079 et
500 4044 555 4096 quat
575 4023 602 4075 in
620 4022 713 4077 stubei
733 4022 815 4075 serm,
864 4023 996 4097 donatos,
1010 4025 1054 4097 qni
1067 4028 1199 4091 omnium,
1211 4049 1321 4099 quorum
1333 4031 1382 4084 in-

307 4106 461 4169 xxxvut,
472 4100 640 4175 etapudelios
651 4099 815 4171 Antiquitatis
862 4112 953 4153 tereret
974 4102 1026 4174 ejus
1044 4103 1210 4158 contubernio
1228 4119 1254 4161 et
1272 4108 1381 4163 institn-

306 4182 468 4255 philosophos
480 4178 699 4247 inveniasllulsls.
863 4178 933 4232 tione
951 4180 1002 4245 nti,
1020 4180 1072 4234 sive
1090 4182 1301 4253 Atheniensium,
1322 4187 1381 4241 eive
