2975 4992
643 419 683 485 L.
711 417 890 487 ANNAEI
913 416 1132 487 SENECAE

367 656 1412 733 w

665 871 978 961 EPISTOLA
1004 874 1111 961 llll.

823 1109 960 1130 ι-..ιι

699 1345 871 1385 ruutnuus
887 1344 946 1387 181⁸
962 1344 1082 1385 ‘lund-

395 1487 555 1541 Consortium
568 1487 693 1541 melorum
704 1508 786 1559 quum
800 1509 830 1543 ex
840 1500 982 1563 pervetusto
995 1486 1129 1562 proverbio
1141 1486 1304 1539 vitiositatem
1315 1485 1416 1558 aliquan

359 1568 478 1621 facillime
487 1569 528 1622 rel
541 1569 642 1642 optimis
652 1570 765 1623 moribus
775 1571 891 1640 affricare
900 1570 994 1637 soleat,
1007 1570 1095 1623 suadet
1105 1568 1203 1621 Lucilio
1214 1567 1324 1629 Seneca,
1334 1579 1361 1619 ut
1371 1580 1418 1619 tor·

360 1652 418 1706 bam
430 1694 437 1721 ,
450 1654 502 1707 sive
513 1655 652 1708 multorum
662 1657 879 1709 conversationem
891 1656 1001 1723 devitet,
1015 1674 1064 1728 qua
1073 1654 1137 1707 nihil
1149 1652 1320 1707 emendationi
1327 1672 1418 1707 rnorurn

360 1745 522 1819 periculosius
529 1746 568 1799 sit.
578 1750 600 1799 A
612 1748 725 1821 generali
735 1748 785 1802 hoc
793 1761 916 1821 precepto
927 1746 1065 1801 devertitur
1072 1746 1104 1800 ad
1113 1745 1249 1819 spectacula
1261 1744 1418 1817 gladiatorie,

359 1830 450 1903 quibus
462 1852 542 1906 nuper
557 1832 712 1887 interfuerat.
729 1834 789 1904 Qua
807 1835 939 1888 occasione
950 1834 1008 1887 deta
1022 1833 1050 1887 in
1061 1832 1106 1887 illa
1117 1832 1273 1901 spectacula,
1286 1850 1306 1883 s.
1321 1850 1419 1885 munera

360 1916 511 1992 gladiatoria
525 1916 633 1991 ideoque
651 1920 678 1972 in
690 1920 814 1994 populum
831 1920 877 1990 qui
887 1918 919 1973 iis
930 1932 998 1973 tenta
1014 1919 1111 1973 insania
1122 1916 1232 1992 gaudere
1243 1916 1335 1982 soleat,
1352 1936 1421 1970 scer-

359 2002 460 2057 hissime
472 2003 607 2059 invehitur.
620 2005 737 2059 Fortasse
752 2005 828 2075 huius
838 2004 888 2059 loci
901 2016 953 2073 est,
966 2005 1083 2077 qudam
1094 2005 1145 2058 huc
1158 2004 1309 2077 pertinentia
1319 2002 1421 2057 breviter

360 2086 489 2141 delibasse·
502 2089 564 2143 llaec
575 2090 715 2163 spectecnln
728 2089 846 2164 publica,
859 2090 956 2144 Grecis
972 2090 1059 2143 liberis
1071 2090 1116 2143 diu
1127 2108 1228 2163 prorsus
1238 2088 1382 2161 incognite,
1400 2095 1422 2139 el

360 2192 438 2244 quum
451 2175 643 2244 cognovissent,
658 2174 720 2227 odio
730 2174 1015 2249 habita,'nraxirnopsre
1023 2174 1172 2250 placuerunt
1181 2172 1305 2227 llonsenis
1318 2174 1423 2237 (Auctor

360 2256 465 2331 Dialogi
475 2257 507 2309 de
515 2258 614 2311 Genesis
625 2278 690 2312 corr.
700 2260 775 2331 Eluq.
787 2280 808 2312 c.
818 2260 904 2312 XXIX
912 2263 931 2327 ).
940 2260 1076 2332 Originum
1086 2272 1181 2313 traxere
1190 2277 1283 2311 amore
1292 2254 1423 2310 sevissimo

360 2342 469 2415 captivos
479 2342 510 2395 ad
523 2344 659 2415 placandos
668 2364 756 2398 manes
768 2364 872 2399 suornm
885 2346 912 2397 in
925 2343 995 2399 bello
1007 2362 1128 2399 cesorum
1139 2344 1287 2396 inferiarum
1297 2341 1356 2394 loco
1368 2360 1424 2391 ma-

360 2426 446 2479 ctandi
459 2446 466 2489 ς
482 2448 558 2499 quern
575 2441 599 2481 et
613 2428 680 2500 apud
696 2428 802 2483 Grecos
815 2427 954 2483 obtinuisse
967 2430 1094 2483 llomerus
1105 2428 1189 2482 tradit
1202 2428 1324 2480 Decimus
1336 2424 1424 2477 lunius

359 2506 452 2562 Brutus
461 2528 482 2560 a.
491 2509 548 2563 U.c.
557 2508 697 2562 CCCCXC
704 2510 816 2583 captivos
828 2510 893 2563 inter
902 2531 928 2564 se
941 2530 1053 2585 pugnare
1064 2511 1134 2577 iussit
1144 2511 1172 2562 in
1182 2509 1305 2561 honorem
1316 2504 1425 2559 defuncti

360 2590 453 2663 patris,
469 2590 577 2664 ideoque
589 2612 682 2646 munus
701 2592 882 2665 gladiatorium
900 2591 982 2646 edidit
995 2592 1113 2665 primus(
1128 2591 1182 2644 Liv.
1197 2589 1264 2663 Epis
1275 2604 1332 2641 ιιι.
1345 2587 1425 2640 Valer.

359 2672 427 2727 Max.
440 2693 460 2729 ιι
471 2716 477 2741 ,
488 2678 520 2742 4,
535 2680 578 2747 7).
589 2678 651 2731 Mox
660 2698 698 2732 res
709 2679 736 2731 in
749 2677 839 2732 ludum
849 2697 919 2731 versa
932 2696 986 2729 mos
996 2677 1075 2728 lactus
1086 2686 1135 2738 est,
1147 2687 1198 2726 ute
1209 2671 1395 2745 magistratibus
1404 2682 1428 2721 et

360 2758 478 2835 deinceps
486 2781 499 2812 a
508 2762 655 2816 Candidatis
664 2762 695 2816 ad
705 2763 791 2837 populi
800 2764 914 2816 levorem
923 2761 973 2814 sibi
985 2758 1184 2823 conciliandum,
1194 2758 1334 2811 ederentur.
1343 2755 1426 2824 Quare

359 2843 457 2899 lanistn
474 2846 552 2899 exorti
570 2860 646 2913 sunt,
659 2848 705 2919 qui
720 2847 783 2900 viles
797 2846 914 2901 homines
926 2859 951 2899 et
962 2844 1087 2917 mancipia
1106 2856 1189 2908 emta,
1203 2841 1328 2895 lumiliarn
1345 2852 1427 2894 autem

361 2925 461 2991 dixere,
472 2927 518 2981 sub
534 2942 693 3005 procuratore
711 2929 799 3003 sagina
813 2928 965 3001 gladiatorie
980 2927 1090 2992 ederent,
1104 2938 1130 2979 et
1141 2924 1207 2979 ludis
1220 2922 1376 2996 gladiatoriis
1388 2942 1427 2976 ss·

361 3010 471 3063 cundum
482 3011 574 3068 dictata
582 3026 606 3067 et
616 3015 684 3085 leges
693 3014 804 3068 exerceri
815 3014 939 3085 juberent.
951 3011 1022 3081 Quid
1032 3010 1117 3082 ,quod
1128 3010 1226 3063 nobiles
1236 3010 1304 3081 iique
1315 3021 1427 3082 potentes

360 3095 529 3169 gladiatorum
540 3100 604 3153 adeo
614 3098 722 3153 familias
733 3098 762 3151 in
776 3097 909 3171 ergestulis
922 3096 1077 3168 prediorum
1087 3114 1191 3149 soonm
1201 3132 1209 3159 ,
1220 3092 1265 3147 ubi
1274 3093 1427 3147 detineban-

359 3192 410 3245 tur,
419 3181 514 3237 alerent
523 3220 530 3247 ,
539 3196 599 3237 teste
607 3184 674 3237 bello
682 3182 826 3256 Spartaeio!
839 3180 926 3234 Armis
936 3193 962 3234 st
970 3182 1050 3234 nodo
1059 3179 1207 3253 pugnandi,
1218 3178 1310 3250 quibus
1319 3178 1428 3232 uteban-

360 3278 419 3331 tur,
431 3284 521 3335 genera
542 3269 711 3343 gladiatorum
729 3266 962 3332 constituebantur,
982 3279 1007 3319 et
1024 3266 1137 3319 nomine.
1153 3266 1192 3318 Ex
1208 3266 1257 3329 iis,
1271 3264 1314 3334 qni
1327 3265 1428 3338 vulgari

360 3350 437 3403 ruodo
450 3351 515 3404 inter
526 3371 552 3404 se
565 3366 725 3427 pugnarent,
741 3350 877 3406 ordinariis
890 3348 1010 3422 paribus,
1029 3368 1159 3421 excerpere
1173 3346 1215 3401 bic
1226 3348 1300 3401 liceat
1311 3348 1364 3401 duo
1378 3366 1428 3421 ge-

360 3450 434 3497 nera,
455 3436 620 3509 postulatitios
631 3450 655 3490 et
667 3436 805 3491 bestiarios.
818 3436 938 3507 Quorum
947 3433 1052 3505 quidem
1064 3434 1159 3508 priores
1172 3454 1186 3486 a
1201 3432 1354 3509 principibus
1371 3433 1428 3506 pri-

360 3518 438 3568 vatim
448 3530 527 3569 eustos
538 3517 678 3590 alitusque,
689 3519 798 3590 ideoque
811 3517 968 3572 Caesarianos
980 3516 1127 3589 fiscalesque
1141 3520 1273 3587 (Καίσαρος
1282 3518 1428 3585 μονομάχους

360 3599 465 3674 Epictet.
476 3600 542 3653 Dies.
554 3604 582 3669 l,
597 3622 644 3675 sq,
656 3604 723 3673 37),
735 3603 902 3658 nominatose
913 3602 1025 3674 populo,
1039 3614 1139 3676 propter
1147 3601 1261 3677 peritiam
1271 3642 1278 3668 ,
1289 3620 1338 3674 qua
1349 3600 1430 3653 incle-

361 3697 481 3753 ruerant,
491 3685 617 3740 interdum
629 3688 655 3739 in
667 3710 769 3742 arenam
779 3688 828 3741 lori
839 3709 859 3741 s.
869 3684 1056 3761 Amphitheatri
1064 3685 1114 3738 sibi
1126 3686 1281 3738 commodari
1291 3684 1429 3758 postulatos

362 3786 414 3821 esse
429 3768 552 3841 legimus,
566 3772 612 3825 ubi
626 3772 693 3845 paria
710 3773 776 3825 inter
785 3793 811 3825 se
827 3768 1051 3843 componebantur.
1064 3768 1245 3848 Bestiariorum
1252 3808 1260 3834 ,
1277 3769 1310 3821 ad
1320 3781 1429 3821 mortem

361 3850 510 3926 plenumque
523 3869 622 3929 propter
630 3856 723 3909 scelera
735 3855 869 3910 commissa
878 3855 1072 3919 damnatorum,
1085 3873 1171 3929 pugna
1179 3867 1233 3906 erat
1241 3872 1301 3907 cunr
1311 3853 1397 3906 hestiis
1407 3872 1428 3903 e.

362 3956 384 3989 c.
397 3935 532 3999 leonibus,
546 3957 622 4009 quern
635 3938 674 3991 vel
687 3956 769 4007 prenae
782 3937 857 4004 loco,
871 3938 913 3991 vel
928 3937 1012 4004 ultro,
1029 3939 1071 3991 vel
1081 3950 1270 3991 auctoramento
1280 3957 1301 3992 s.
1313 3934 1429 3989 mercede

363 4020 480 4076 conducti
490 4035 633 4095 pugnarunt
642 4022 711 4077 :huc
722 4044 809 4098 pugne
817 4036 907 4077 vocata
917 4022 1142 4078 estvenatio.Js1n
1155 4041 1216 4076 vero
1227 4020 1273 4092 qui
1284 4039 1357 4073 mane
1370 4037 1429 4071 cnm

363 4104 478 4159 leonibus
491 4105 602 4179 ursisque
614 4122 803 4181 pugnaverunt,
812 4108 918 4161 meridie
930 4108 996 4160 inter
1006 4126 1033 4159 se
1043 4105 1189 4181 depugnare
1201 4106 1369 4180 cogebantur,
1380 4122 1429 4155 no·

364 4190 454 4243 ruinati
464 4192 524 4246 inde
538 4192 669 4246 cetervarii
678 4213 698 4246 s.
709 4193 860 4259 meridiani,
873 4192 999 4265 gregetim
1009 4204 1103 4245 tenuere
1114 4210 1143 4245 au
1153 4192 1208 4245 sins
1219 4204 1270 4244 arte
1287 4189 1375 4243 mortis
1383 4207 1431 4262 pe·
