2975 4992
418 442 684 515 EPISTOLA
709 443 866 513 XXIX.
1112 446 1178 517 215

109 575 176 645 dire
191 576 444 644 rerumtimet.
461 577 572 669 Aqoo
587 574 741 671 periculo
749 576 821 670 jam
834 574 935 645 abeat
955 601 963 643 ε
983 572 1071 643 nulli
1085 573 1179 643 enim

108 693 166 759 niai
182 690 350 761 audituro
371 690 555 761 dicendum
573 706 636 761 eat.
659 691 740 761 Ideo
758 692 804 761 de
818 692 973 786 Diogene
985 703 1010 773 ¹,
1029 714 1094 759 nec
1112 692 1180 759 mi·

107 832 165 875 aaa
180 807 227 875 de
245 807 327 876 aliia
341 808 501 901 Cynicis,
519 808 580 900 qui
594 808 754 877 libertate
771 809 962 903 promiocua
979 808 1127 875 noiaunt
1144 822 1180 877 et

108 925 244 993 obvios’
259 941 486 1009 monuerunt,
502 924 652 993 dubitari
667 924 775 1007 tolet,
790 940 836 991 an
849 922 916 993 boc
929 924 1041 993 lacere
1056 921 1182 993 debue-

107 1040 184 1107 rint.
205 1038 309 1131 Quid
327 1040 490 1123 enim‚'ai
508 1040 586 1132 quia
611 1038 733 1109 surdoe
756 1038 944 1133 objurget,
969 1054 1031 1107 ant
1056 1053 1182 1107 natura

107 1152 267 1225 morbove
284 1156 424 1225 mutos?
437 1155 624 1247 -Quare‚
640 1155 778 1248 inquio,
798 1155 912 1224 verbio
924 1154 1084 1247 parcam?
1102 1176 1181 1249 gra·

109 1272 189 1339 tnita
200 1286 297 1341 nint.
315 1276 391 1341 Non
405 1294 542 1367 potuim
557 1273 644 1341 acire
658 1274 749 1341 anei
766 1272 965 1364 prolaturus
976 1272 1059 1353 aim,
1078 1292 1181 1362 quem

107 1385 272 1455 admoneo
299 1385 413 1457 :illud
432 1386 526 1467 acio,
543 1386 646 1455 alicui
669 1410 723 1457 me
744 1386 981 1481 prolaturum,
1005 1387 1034 1453 ai
1058 1384 1184 1456 multoe

108 1502 329 1571 admonuero.
350 1494 569 1595 Spargenda³
588 1525 708 1571 manua
730 1518 783 1571 ert
808 1526 817 1569 ε
844 1526 914 1569 non
936 1515 1049 1595 pateat
1073 1500 1181 1585 fieri,
1205 1517 1220 1550 ²

109 1634 144 1686 nt
164 1642 237 1685 non
262 1615 452 1711 aliquando
468 1615 627 1687 socedat
644 1616 752 1691 multa
775 1618 933 1685 tentanti.
953 1654 993 1669 -
1010 1619 1103 1697 Hoc,
1134 1616 1181 1683 mi

110 1736 245 1821 Lndli,
264 1759 338 1804 non
358 1735 513 1805 existimo
537 1756 659 1825 magno
685 1735 761 1802 viro
786 1731 1009 1802 iaciendum:
1038 1730 1183 1801 diluitur

110 1854 179 1945 ejus
193 1852 405 1934 auctoritas,
423 1848 605 1919 nechabet
620 1846 713 1942 apud
730 1872 793 1917 eoa
808 1850 888 1918 antia
901 1846 1081 1942 ponderis,
1097 1870 1183 1940 quoa

110 1984 218 2060 posset
236 1967 354 2035 minua
376 1964 579 2033 obsolefacta
597 1965 785 2059 corrigere.
806 1966 1009 2059 Sagittarius
1026 1988 1096 2033 non
1113 1964 1184 2033 ali·-

109 2079 242 2173 qnando
262 2078 370 2147 ferire
393 2076 516 2161 debet,
539 2077 599 2147 aed
616 2076 801 2172 aliquando
824 2076 997 2147 deerrare.
1024 2080 1102 2147 Non
1130 2092 1183 2147 eat

110 2220 180 2279 ara,
198 2218 279 2288 qnae
294 2193 339 2263 ad
353 2192 509 2263 effectum
528 2218 608 2263 casu
622 2197 728 2264 venit.
753 2196 926 2289 Sapientia
938 2219 994 2264 ara
1007 2210 1060 2263 eet
1076 2219 1084 2259 :
1101 2216 1183 2263 cer-

111 2328 175 2379 tum
194 2326 318 2405 petat3
340 2308 446 2404 eligat
467 2310 700 2403 prolecturoa3
726 2311 770 2380 ab
786 2311 842 2380 bia
860 2336 946 2405 quoa
963 2311 1179 2404 desperarit,

112 2426 245 2496 recedat
271 2454 281 2493 ε
302 2449 373 2493 non
392 2441 505 2493 tomen
522 2426 591 2494 cito
609 2426 803 2520 relinquat,
822 2444 857 2496 et
875 2430 911 2496 in
928 2430 1003 2522 ipae
1022 2427 1183 2520 deoperi-

111 2550 198 2615 tione
217 2560 375 2615 extrema
393 2542 544 2611 remedia
561 2556 680 2613 tentet.
697 2543 935 2613 Marcellinum
953 2558 1104 2611 nostrum
1118 2568 1182 2637 ego
1207 2550 1223 2603 3

110 2660 259 2729 nondum
278 2660 438 2753 despero.
461 2660 660 2727 Etiamnunc
687 2661 815 2728 servari
833 2676 959 2753 puteat,
986 2659 1047 2728 aed
1064 2660 1092 2727 ai
1115 2660 1183 2727 cito
1279 2712 1284 2721 .

110 2779 155 2846 illi
174 2801 301 2847 manua
321 2776 524 2870 porrigitur.
541 2778 600 2845 Eat
616 2776 755 2869 quidem
777 2778 992 2870 periculum,
1012 2799 1056 2845 ne
1074 2779 1184 2870 porri-

111 2908 243 2985 gentem
263 2889 379 2959 trahat
406 2916 413 2956 :
440 2912 561 2983 magna
581 2891 618 2957 in
636 2888 695 2957 illo
716 2892 847 2985 ingenii
870 2892 922 2959 via
938 2907 1009 2976 eat,
1028 2886 1089 2957 oed
1109 2890 1181 2981 jam

110 3008 284 3077 tendentia
301 3008 339 3075 in
356 3030 509 3099 pravum.
526 3006 755 3075 Nihilominus
767 3006 870 3076 adibo
886 3006 952 3075 boc
969 3006 1178 3101 periculum,

111 3142 141 3193 et
152 3124 292 3195 audebo
308 3123 362 3191 illi
378 3122 464 3190 mala
481 3146 540 3192 aua
554 3120 746 3191 ostendere.
762 3124 880 3191 Faciet
893 3124 984 3215 quod
999 3124 1105 3207 aolet3
1120 3121 1183 3191 ad·

112 3242 243 3311 vocabit
263 3240 341 3310 illae
359 3240 519 3323 facetiae,
536 3264 611 3331 quae
622 3240 727 3308 ritum
740 3262 881 3309 evocare
896 3238 1092 3333 lugentibus
1105 3264 1182 3332 poa·

145 3504 165 3538 ι.
177 3484 289 3537 Ideode
299 3482 477 3551 Diogene....·..
486 3480 626 3535 debuerint
709 3500 731 3533 2.
747 3480 850 3535 obolos.
863 3480 957 3535 Obuios
971 3503 1086 3553 quosque
1096 3482 1153 3536 edd.
1167 3504 1183 3536 a

113 3562 245 3635 Βίομω
252 3562 336 3613 bert
346 3560 392 3625 vt,
401 3580 447 3629 ²7·
456 3560 501 3625 ηδ,
512 3560 540 3613 51
552 3559 627 3634 3Epi·
674 3558 1103 3631 blor.Quosqueobviosed.Emm.
1111 3561 1187 3631 igno·

113 3639 277 3695 monim.
286 3638 353 3691 Dias·
361 3638 413 3704 lli,
424 3658 470 3697 aa.
482 3656 525 3703 to,
533 3636 626 3710 aliique
674 3650 730 3691 tant
741 3638 901 3709 quasqneed.
907 3640 943 3690 A.
953 3648 977 3692 rt
983 3637 1019 3690 ll.
1030 3657 1087 3691 cnm
1095 3638 1184 3691 mutii.

113 3716 194 3789 plum
205 3716 258 3769 boe
267 3728 306 3769 aat
314 3734 438 3792 unperque
449 3716 548 3769 docent
559 3716 628 3770 ilinc
676 3712 758 3769 Scbw.

115 3794 242 3865 poblicum
254 3792 422 3847 institutorem
432 3790 627 3867 etpaedagogurn
709 3796 731 3848 3.
743 3794 905 3865 Spar-feoda.
916 3794 947 3848 ld
958 3807 994 3849 est
1005 3794 1108 3849 cuilibet
1118 3796 1187 3849 otte-

115 3868 627 3945 appellatCynienmEpictetaaibid.§17,
676 3873 998 3947 renda;nonpmecndum
1011 3872 1185 3947 manuiporri·
1255 3916 1260 3930 ,

117 3972 138 4021 p.
155 3952 202 4017 447
225 3950 263 4005 ed.
288 3950 439 4023 Schweigb.
456 3948 521 4019 Qun
542 3964 626 4004 tamen
676 3948 1184 4027 gendn.Foraitanetrignificatnrpbilo-

118 4026 286 4081 Seneonll'ert
296 4042 383 4081 eontra
392 4028 460 4079 banc
471 4026 626 4098 Cynicorum
675 4028 782 4103 tophum
790 4028 825 4081 tic
832 4028 923 4083 debere
934 4026 1009 4082 verba
1019 4028 1045 4080 in
1055 4028 1187 4101 publicum

118 4100 248 4157 liberatem
258 4105 452 4174 promiscuam,
468 4122 497 4156 ea
511 4118 629 4159 vereornt
676 4124 808 4177 spargere,
819 4118 846 4159 nt
853 4105 896 4158 ille
907 4106 951 4179 qni
957 4106 1125 4158 witmarum
1135 4106 1185 4159 bue

120 4182 370 4241 antuliensibus
382 4180 629 4255 probinianum.
678 4197 702 4237 et
711 4184 772 4239 illue
785 4184 942 4250 circensem
956 4186 1024 4257 quod
1036 4185 1184 4239 intellexiste
