2975 4992
320 427 385 512 460
605 422 646 498 L.
672 427 855 497 ANNAEI
879 429 1097 502 SENECAE

320 555 449 642 videri,
463 557 523 652 qul
536 559 648 626 omnia
661 580 778 626 rerum
787 557 1003 628 adversarum
1016 583 1121 629 onera
1129 559 1242 654 rigida
1257 564 1404 631 cer-viee
1466 543 1467 554 ἵ

263 685 296 750 24
321 670 501 754 sustollit¹,
521 671 581 763 qui
598 695 702 765 supra
719 671 889 740 fortunam
908 688 1008 742 extat.
1027 677 1104 742 Non
1120 676 1245 743 mirum
1264 690 1339 759 eet,
1361 678 1399 742 in

321 785 566 878 tranquillitate
581 810 652 855 non
666 789 802 855 concuti
821 813 829 853 :
851 786 939 856 illud
955 790 1096 875 mirare,
1116 789 1165 857 ibi
1188 791 1309 860 extolli
1326 791 1399 860 ali-

320 927 440 994 quem,
458 903 519 971 ubi
535 926 651 972 omnes
666 902 924 996 deprimuntur3
941 902 989 971 ibi
1002 921 1091 972 stare
1099 955 1111 990 ‚
1130 904 1190 974 ubi
1204 929 1329 974 omnes
1342 907 1400 998 ja-

320 1035 410 1088 cent.
423 1018 520 1113 Quid
531 1020 628 1088 estin
638 1020 831 1102 tormentis,
844 1017 928 1111 quid
938 1019 1035 1088 estin
1047 1019 1141 1105 aliie,
1159 1043 1235 1112 quae
1246 1019 1398 1090 adverae

319 1133 549 1228 appellamus,
569 1134 676 1203 mali?
690 1133 778 1218 hoe,
798 1149 838 1202 ut
858 1136 999 1228 opinor,
1021 1133 1196 1202 auocidere
1215 1150 1393 1216 mentem,

319 1267 355 1320 et
371 1252 567 1332 incurvari,
586 1267 621 1319 et
633 1249 854 1319 succumbere
869 1278 878 1336 3
895 1275 1039 1342 quorum
1057 1251 1145 1318 nihil
1156 1253 1305 1344 sapienti
1319 1253 1398 1319 viro

319 1380 430 1459 potest
447 1366 598 1433 evenire.
614 1365 687 1432 Stat
700 1380 814 1433 rectus
827 1364 890 1432 sub
904 1362 1057 1456 quolibet
1072 1362 1225 1457 pondere
1238 1369 1251 1398 ²
1266 1392 1277 1448 ς
1298 1365 1396 1432 nulla

321 1483 417 1551 illum
438 1505 495 1550 rea
515 1482 681 1551 minorem
702 1481 802 1568 faeit3
825 1479 914 1548 nihil
931 1479 983 1547 illi
998 1502 1133 1563 eorum,
1154 1471 1230 1571 ipuae
1248 1479 1397 1548 ferenda

261 1611 293 1661 2⁵
320 1613 416 1683 eunt,
433 1597 603 1692 displicet.
620 1600 723 1679 Nam,
741 1594 911 1688 quidquid
927 1595 1049 1664 cadere
1072 1597 1108 1664 in
1129 1595 1303 1664 hominem
1329 1619 1395 1690 po-

321 1731 405 1798 test,
426 1716 463 1782 in
478 1738 514 1782 se
526 1711 689 1783 cecidisse
704 1737 775 1780 non
794 1715 962 1806 queritur.
982 1713 1082 1782 Vires
1094 1735 1171 1781 suas
1190 1715 1310 1800 novit3
1329 1717 1395 1783 ecit

320 1855 356 1900 se
377 1855 450 1900 eree
469 1833 566 1899 oneri
584 1824 760 1898 ferendo³.

367 1949 445 2015 Non
459 1939 591 2015 eduoo⁴
607 1947 801 2038 Sapientem
822 1969 864 2014 ex
882 1946 1056 2014 hominum
1069 1969 1232 2032 numero3
1248 1971 1315 2016 nec
1328 1947 1393 2015 do·

320 2062 410 2132 lorea
422 2060 467 2129 ab
486 2060 568 2144 illo,
587 2061 676 2128 sicut
688 2059 732 2127 ab
744 2060 860 2152 aliqua
878 2084 963 2154 rupe
977 2060 1109 2130 nullum
1119 2083 1254 2129 sentum
1273 2060 1392 2128 admit-

320 2194 434 2263 tente,
450 2177 645 2246 submoveo.
662 2178 804 2244 Memini
822 2200 863 2244 ex
883 2177 1014 2245 duabus
1032 2176 1127 2246 illum
1145 2177 1301 2268 partibus
1318 2201 1391 2246 esse

320 2296 541 2389 compositum
557 2322 565 2362 :
582 2295 687 2365 altera
701 2309 752 2361 est
766 2294 990 2380 irrationalia;
1006 2294 1079 2362 haee
1097 2293 1291 2376 mordetur,
1317 2299 1392 2363 uri-

322 2429 391 2498 tur,
405 2403 520 2480 dolet⁵
538 2437 546 2477 :
562 2411 669 2479 altera
681 2410 875 2494 rationalit;
891 2409 966 2478 haec
980 2409 1197 2478 inconcussas
1212 2412 1390 2503 opiniones

264 2541 296 2596 ιθ
321 2528 443 2610 habet,
456 2525 627 2631 intrepida
638 2539 707 2607 est,
719 2541 755 2594 et
764 2525 940 2596 indomita.
952 2527 993 2594 In
1002 2525 1067 2594 hae
1081 2527 1226 2619 positum
1238 2542 1292 2596 est
1303 2553 1392 2596 aum-

321 2787 419 2841 tionnm
431 2787 497 2839 hene
507 2785 644 2839 lectionem
655 2783 733 2838 lubet
744 2801 752 2838 ι
765 2803 830 2855 ρη-
878 2783 932 2849 bis,
945 2782 1103 2855 impavidum
1115 2781 1207 2836 ferient
1223 2785 1314 2840 ruine.
1323 2807 1339 2833 ι
1351 2785 1388 2836 11.

210 2898 214 2904 =
321 2884 389 2924 teres
405 2889 487 2938 supra
496 2870 639 2942 j'ortunom
651 2875 745 2922 extare
761 2886 830 2920 sem·
910 2861 934 2913 3.
942 2861 998 2914 Scis
1007 2880 1033 2914 se
1044 2880 1100 2914 esse
1109 2865 1181 2913 oneri
1179 2861 1331 2933 seranda...
1341 2863 1391 2915 Su·

321 2969 364 3022 per
371 2950 404 3000 ad
413 2947 529 2999 animum
535 2948 652 3009 refertur,
663 2944 707 3015 qui
718 2941 768 2996 tels
777 2945 828 2994 lor·
877 2941 956 2995 baudi
973 2963 1025 2994 non
1035 2945 1178 3012 imparem
1190 2942 1239 2996 nisi
1251 2943 1389 3016 pmtuleris

320 3021 829 3094 tunaecontemnitquemillenonpotest
878 3032 980 3074 reatuin.

321 3117 445 3169 evertere,
458 3123 505 3157 nee
513 3113 658 3165 tonantem
670 3099 756 3152 nullus
764 3098 828 3152 alius
908 3099 933 3164 4.
946 3099 1007 3150 Non
1015 3098 1116 3150 eduen...
1124 3115 1282 3150 summoveo.
1292 3097 1391 3167 Sept:-

321 3182 420 3234 admitti
428 3194 686 3256 potestsensustnam
695 3197 772 3231 uerno
782 3197 829 3231 un·
876 3171 939 3230 sime
966 3176 1033 3229 hane
1054 3179 1167 3240 ἀπαθείας
1193 3175 1390 3250 descriptionem

321 3278 398 3328 quam
408 3258 477 3312 boue
486 3277 531 3311 sus
541 3255 665 3310 terrestria
683 3256 756 3308 ineo
772 3255 828 3308 loro
878 3259 947 3313 dedit
957 3268 1043 3312 noster
1056 3277 1078 3309 e.
1091 3279 1113 3310 e.
1129 3259 1160 3312 da
1173 3258 1278 3311 Provid.
1297 3279 1352 3332 up,
1362 3281 1389 3319 2,

321 3338 418 3409 posuit,
427 3336 473 3389 ubl
480 3357 495 3388 a
504 3337 606 3387 l'ortnna
615 3333 703 3387 lacessi
711 3353 764 3387 non
774 3352 828 3406 pos·
879 3338 909 3391 de
927 3337 966 3390 lrs
980 3335 1025 3388 lib.
1041 3337 1068 3399 l,
1086 3355 1140 3412 erp.
1157 3337 1190 3400 3,
1205 3335 1243 3390 16.
1263 3335 1305 3390 Gi.
1315 3335 1392 3410 lipsii

320 3418 371 3471 sint
381 3433 406 3471 et
413 3417 520 3471 detrudi.
877 3417 984 3470 Menud.
1001 3415 1056 3483 ill,¹
1074 3429 1146 3478 7,et
1166 3417 1280 3469 Meiners
1294 3418 1390 3484 plu‘los.

357 3514 378 3547 r.
391 3494 514 3549 Sustollit
528 3494 586 3548 edd.
602 3494 635 3548 ab
653 3495 752 3548 Erum·
771 3511 829 3546 curn
876 3494 1017 3566 Sednflem,
1041 3493 1101 3545 vol.
1120 3495 1162 3560 Η,
1181 3493 1224 3547 nbi
1241 3494 1271 3546 de
1290 3495 1390 3569 spathis

322 3575 362 3627 ed.
380 3574 416 3626 A.
428 3573 576 3626 Substollut
586 3573 627 3641 ed
642 3571 678 3624 lt
693 3584 718 3624 et
734 3591 782 3625 ms.
804 3571 829 3622 b.
876 3573 954 3627 stoice
966 3573 1066 3646 egregie
1078 3573 1139 3646 egit.
1148 3575 1240 3628 notk.

321 3651 559 3706 SustollutedVem
567 3663 592 3703 et
598 3669 656 3702 mss.
664 3651 738 3703 Grut.
747 3649 829 3701 lidem
912 3654 934 3705 5.
947 3651 1013 3705 Hoec
1035 3653 1219 3704 mordetur-..⁰
1230 3654 1309 3706 dedet.
1322 3653 1391 3708 Pro·

322 3747 406 3785 nmen
416 3741 494 3784 extat
502 3730 542 3783 vel
554 3730 681 3783 exstatin
689 3728 828 3782 indicativo
877 3729 962 3784 litetur
974 3742 1095 3784 auotorso
1106 3730 1236 3784 dissentire
1247 3732 1279 3785 iis
1288 3733 1334 3802 qni
1345 3734 1390 3786 do-

322 3822 416 3864 tenent.
437 3806 603 3860 Verissimum
625 3809 729 3861 somne
752 3804 829 3860 fuerit
877 3809 957 3862 lorem
967 3829 993 3862 se
1006 3828 1061 3861 non
1070 3808 1162 3862 sentire
1174 3809 1278 3880 quidem
1290 3811 1390 3882 predi-

321 3890 442 3949 sustulit,
459 3885 529 3958 quod
547 3884 623 3939 habet
640 3905 687 3937 ms.
705 3905 726 3938 c.
747 3896 772 3936 et
788 3883 827 3936 ed·
877 3886 1100 3942 esbantsmlrabili
1111 3907 1212 3960 prorsus
1222 3888 1305 3941 enimi
1317 3907 1390 3942 stro-

321 3965 389 4018 Mur.
402 3963 481 4018 Schw.
877 3965 980 4039 guntin
992 3965 1056 4018 lnter
1065 3986 1129 4036 quos
1136 3984 1201 4036 sape
1210 3966 1237 4018 in
1248 3965 1388 4038 exemplum

355 4065 378 4096 s.
390 4043 454 4098 Stat
462 4054 543 4097 rectus
552 4044 602 4095 sub
608 4042 723 4111 quolibet
728 4043 826 4107 ponde·
877 4041 1107 4099 adduciturstoieur
1118 4043 1271 4096 Posidonius
1279 4042 1389 4118 podagra

323 4143 357 4175 re.
367 4124 410 4176 Sic
420 4123 508 4176 Horat·
519 4121 551 4174 de
557 4120 676 4196 sapiente
685 4118 825 4182 camut,
876 4120 1013 4183 laborans,
1035 4141 1083 4174 nee
1103 4119 1184 4174 ullum
1197 4120 1224 4174 iu
1237 4121 1282 4175 ills
1294 4121 1388 4176 melum

322 4204 355 4266 3,
375 4223 388 4270 7
401 4213 426 4254 et
436 4203 460 4255 8.
474 4225 487 4250 a
500 4201 528 4254 Si
540 4203 630 4255 frenus
645 4198 764 4252 illabetur
778 4218 825 4250 or·
877 4217 929 4252 esse
940 4199 1090 4254 melamsns.
