2975 4992
331 464 398 531 356
622 459 662 530 L.
691 462 870 532 ANNAEI
893 462 1112 533 SENECAE

329 618 483 689 ponere3
510 592 569 661 sed
594 594 642 661 itu
667 615 804 662 necesse
831 609 901 674 est,
930 596 1099 686 ponsm¹z
1124 593 1224 683 Quod
1244 608 1305 660 est.
1327 597 1385 664 Sex

331 714 435 779 modis
454 709 556 791 boen
576 710 714 777 Platone
732 707 800 777 dici
818 708 947 777 amicus
962 720 1078 778 noster
1093 758 1103 791 ,
1121 708 1386 780 homo-eruditis·

330 829 455 907 simus,
482 824 650 894 hodierno
676 823 732 893 die
758 823 904 893 dicebat.
928 824 1055 893 Omnes
1077 823 1138 892 tibi
1164 828 1386 917 exponnm‚si

330 958 408 1011 unte
431 941 648 1024 indicavero,
679 964 753 1009 esse
778 938 911 1032 aliquid
932 944 1073 1032 genus2,
1094 922 1167 1009 esse
1184 956 1220 1007 et
1244 945 1383 1030 specim

290 1102 303 1151 7
330 1062 360 1125 N
364 1083 430 1127 unc
443 1059 532 1126 enim
544 1082 647 1149 genus
664 1056 749 1125 illud
759 1057 1095 1147 prinmm'quaerimus
1105 1104 1116 1141 ,
1134 1080 1176 1123 ex
1188 1080 1257 1148 quo
1267 1071 1386 1123 enters

330 1174 461 1268 species
475 1198 644 1268 suspensae
658 1189 758 1258 sunt,
772 1196 873 1264 aquo
888 1174 1038 1241 nascitur
1051 1174 1158 1243 omnis
1171 1172 1309 1256 divisio,
1325 1197 1386 1264 quo

330 1292 491 1359 universe
505 1290 750 1383 comprehensa
762 1305 854 1357 eunt.
871 1289 1068 1359 Invenietur
1080 1284 1226 1372 nutem³,
1244 1290 1272 1356 ei
1287 1311 1389 1379 cupe-

330 1406 437 1473 rimus
455 1405 587 1497 singula
601 1419 692 1471 retro
710 1404 848 1495 legere3
865 1405 914 1472 sic
925 1404 1017 1471 enirn
1028 1402 1256 1497 perducemur
1267 1401 1310 1469 ad
1321 1402 1388 1493 pri-

330 1545 436 1588 mum.
452 1522 566 1587 Homo
579 1521 709 1613 species
723 1535 796 1602 est,
811 1534 850 1588 ut
863 1518 1062 1589 Aristoteles
1077 1521 1143 1604 nit3
1158 1544 1257 1613 σφωε
1270 1519 1389 1611 speeies

331 1651 399 1721 θεῖς
421 1638 511 1701 canis
531 1635 662 1727 species
686 1660 694 1699 :
719 1656 803 1727 ergo
825 1657 1002 1703 commune
1022 1631 1163 1727 aliquod
1177 1632 1390 1725 querendum

329 1767 381 1819 est
393 1750 448 1819 his
460 1749 617 1819 omnibus
630 1749 804 1818 vinculum
817 1799 827 1834 ,
842 1750 933 1843 quod
950 1750 1008 1819 itta
1021 1750 1277 1844 complectatur,
1291 1766 1324 1816 et
1332 1748 1391 1817 sub

288 1899 304 1951 3
330 1892 366 1937 se
385 1866 524 1936 habeat.
543 1869 616 1934 Hoc
629 1864 713 1958 quid
728 1867 805 1934 est?
816 1862 969 1934 Animal.
985 1870 1076 1961 Ergo
1092 1890 1199 1961 genus
1211 1888 1284 1935 esee
1297 1866 1392 1957 noepit

330 1984 479 2052 omnium
493 1982 633 2063 borum,
649 2006 723 2073 quae
733 1980 833 2049 modu
843 1982 944 2051 retuli
955 2033 964 2065 ‚
977 1981 1148 2066 huminis,
1164 1984 1246 2075 equi
1257 2032 1270 2065 ,
1281 1982 1370 2049 cunis
1378 2030 1389 2064 ,

329 2096 476 2167 Animal.
488 2094 554 2164 Sed
565 2110 643 2163 sunt
653 2093 826 2187 quaedam,
840 2099 1070 2188 quaennimum
1083 2096 1231 2183 hubent3
1246 2121 1311 2165 nee
1321 2112 1393 2166 sunt

330 2212 489 2281 animalia
505 2236 513 2276 ι
534 2209 646 2303 placet
661 2212 771 2294 enim,
792 2216 872 2278 satis
893 2210 929 2279 et
943 2212 1084 2279 arbustis
1103 2214 1250 2281 unimam
1265 2214 1391 2295 inesse3

331 2326 446 2417 itaque
466 2338 501 2391 et
517 2325 633 2391 vivere
651 2322 733 2406 illa,
754 2337 788 2390 et
805 2324 891 2391 mori
916 2323 1072 2393 dicimus.
1092 2329 1182 2419 Ergo
1200 2322 1395 2393 Animam

331 2438 539 2532 superiorem
551 2437 716 2507 tenebunt
725 2437 838 2506 locum
846 2489 858 2520 ,
869 2440 1159 2531 quinetnnimalin
1169 2443 1204 2507 in
1216 2440 1284 2509 hnc
1294 2440 1395 2509 forma

332 2570 428 2640 eunt,
451 2571 486 2625 et
505 2571 588 2625 suta.
613 2548 804 2649 Quaedam⁴
826 2557 938 2624 anima
957 2573 1073 2625 carent
1080 2607 1091 2643 ,
1115 2574 1154 2625 ut
1172 2582 1269 2646 πως
1286 2560 1395 2651 itaque

332 2762 388 2797 esse
400 2759 491 2811 :posse
506 2742 542 2793 sic
556 2738 701 2809 transferri.
714 2766 747 2778 -
758 2737 844 2793 Scbw.
893 2740 967 2793 habet
981 2741 1021 2794 ed.
1033 2744 1070 2797 A.
1085 2763 1152 2798 eum.
1168 2764 1214 2798 ms.
1233 2744 1291 2799 Pal.
1303 2764 1351 2798 set.
1367 2745 1396 2796 In

333 2818 435 2873 Erasini
442 2818 499 2871 lect.
507 2817 608 2890 recipit,
622 2816 670 2869 nisi
679 2816 747 2889 quod
758 2816 844 2871 scribit
891 2837 913 2871 c·
924 2817 999 2872 dubie
1009 2819 1126 2874 scribitur
1134 2822 1217 2891 attqd.
1228 2822 1338 2875 Fuerint
1344 2822 1398 2894 qni·

334 2898 488 2963 transferre,
509 2896 580 2949 nulle
597 2897 674 2949 fretus
691 2896 844 2949 anctoritate.
893 2894 1396 2970 busmsssisprubetnr‚essealiudgenns,

334 2978 451 3029 Noscurn
458 2972 844 3048 Lipsiueted.Bip.seripsinrus:
893 2974 961 3044 quod
973 2995 1001 3027 ex
1013 2988 1062 3029 vet.
1073 2976 1117 3029 lib.
1131 2977 1245 3031 laudavit
1253 2978 1398 3033 Pincianus.

334 3048 843 3122 inmediopusr'tnmsicpossetmnsfim',
893 3048 974 3105 Scbw.

333 3151 389 3206 quae
405 3131 458 3185 sols
468 3130 541 3184 lectio
552 3130 624 3184 facile
636 3130 792 3203 inteliigitur.
803 3130 843 3183 si·
924 3130 947 3181 3·
957 3131 1104 3185 Invenietur
1109 3135 1354 3203 antem...prt‘mum.
1361 3134 1398 3187 Ab

333 3208 511 3281 gnificstenim
521 3206 652 3260 :omnibus
660 3219 725 3279 petet
732 3205 808 3259 verbe
814 3210 842 3260 sb
889 3208 1029 3263 individuis
1046 3211 1079 3263 sd
1094 3212 1187 3263 formes
1201 3232 1346 3285 genereque
1357 3233 1400 3266 es·-

332 3284 843 3359 ispossetrensserribisvueibuspuodest.
890 3286 1082 3359 cendicttosm
1098 3300 1164 3342 retro
1176 3292 1260 3359 legens
1277 3296 1400 3360 singula,

366 3386 387 3419 1.
406 3364 463 3418 Sed
480 3367 518 3418 tta
537 3382 636 3418 necesse
647 3374 699 3427 est,
714 3384 813 3431 punam
832 3383 841 3417 .·
890 3364 1088 3435 utipsepaitflnc
1099 3366 1236 3438 proiixiure
1247 3368 1399 3421 deductione

336 3443 416 3513 Quod
424 3452 469 3496 est.
481 3442 523 3496 sie
534 3440 671 3495 Pincianus
683 3440 753 3513 jubet
770 3440 840 3514 legs-
889 3442 961 3496 tacite
982 3443 1088 3514 quisquc
1105 3445 1282 3518 supersedebit
1302 3446 1399 3509 lecton

330 3541 386 3575 mus
399 3540 427 3573 ex
446 3532 529 3573 vetere
545 3518 653 3572 lectione
671 3539 676 3569 :
692 3517 727 3571 sic
747 3530 839 3583 exstet,
888 3520 1049 3574 nereumad
1061 3540 1137 3591 quem
1149 3522 1209 3575 ntis
1227 3522 1310 3575 scribi
1321 3524 1401 3577 bebe-

330 3596 357 3650 in
366 3608 474 3669 quatuor
485 3596 559 3648 Grut.
571 3615 629 3648 mss.
641 3594 760 3648 Erasmus
773 3612 779 3645 ε
792 3596 843 3647 sed
888 3597 967 3663 bant,
978 3618 1083 3672 magnos
1095 3598 1121 3651 in
1135 3599 1300 3673 philosophis
1312 3604 1402 3675 prefe-

330 3680 355 3729 ss'
365 3679 395 3729 td
406 3694 503 3729 necesse
514 3686 566 3736 est,
585 3693 684 3743 ponam
702 3675 783 3745 Quod
795 3682 840 3727 est.
889 3687 942 3727 etus
949 3674 1036 3729 fecisse
1043 3678 1172 3751 putaverit.
1182 3678 1308 3750 Spectant
1317 3690 1400 3732 sutem

329 3756 461 3807 Muretus:
472 3754 561 3806 sedid
573 3754 599 3805 st'
612 3772 637 3803 n.
652 3763 696 3804 etc.
708 3751 797 3805 Ruit.
808 3781 842 3791 -
889 3752 983 3807 baecad
991 3754 1160 3828 predienbilie
1167 3756 1400 3821 Aristotelicorum,

330 3833 416 3886 Schw·
427 3831 495 3886 solus
513 3830 599 3884 scribit
614 3846 620 3881 :
634 3850 742 3900 ponam.
759 3829 842 3901 Quod
889 3832 922 3885 ed
932 3832 1132 3903 nnmyupesipm,
1144 3834 1172 3885 in
1184 3833 1278 3905 quibus
1290 3852 1371 3906 genus
1379 3846 1403 3884 et

328 3920 381 3973 est,
395 3921 503 3963 secrete.
595 3899 605 3923 ‘
889 3911 984 3983 species
995 3911 1105 3983 primurn
1116 3911 1200 3963 locum
1211 3911 1341 3965 obtinent.
1351 3912 1387 3963 R.

363 4010 385 4041 n.
401 3988 469 4041 Esse
480 3989 587 4055 aliquid
594 4005 683 4057 genus.
695 3985 738 4039 stc
752 3985 839 4060 scripsi
922 3988 946 4052 4.
971 3986 1104 4059 Quadam
1122 3990 1216 4040 anima
1238 3997 1339 4042 eamus.
1361 3988 1403 4039 Sie

329 4088 387 4122 eum
401 4070 440 4121 ed.
453 4066 488 4121 R.
502 4080 527 4120 et
539 4066 595 4119 eliis
608 4064 679 4119 libris
692 4065 759 4137 apud
768 4066 840 4119 Mod.
887 4064 982 4138 vulgo,
994 4064 1026 4117 sb
1038 4066 1159 4129 nmmo,
1174 4086 1232 4119 enm
1243 4068 1287 4119 ed.
1300 4068 1339 4119 A.
1348 4065 1403 4119 Sed

330 4144 391 4218 Ops.
401 4156 426 4195 et
436 4142 510 4196 Grut.
521 4142 574 4196 Nec
586 4160 646 4193 sero
661 4138 776 4213 displicet
786 4144 839 4193 ata·-
886 4146 1011 4213 pnoednm
1026 4155 1073 4196 etc.
1089 4142 1129 4196 ed,
1150 4142 1187 4195 Ii.
1204 4164 1264 4199 curn
1281 4165 1332 4199 nes·
1344 4164 1366 4198 c.
1378 4155 1402 4195 et

328 4224 414 4292 qnod,
424 4220 553 4296 vulgatum
561 4220 643 4275 indes
653 4217 738 4292 Lipsie
748 4253 757 4284 ,
767 4220 838 4289 quod
887 4221 982 4293 Opsop.
991 4232 1016 4273 et
1027 4220 1102 4277 (irnt.
1118 4219 1205 4276 &bon
