2975 4992
327 449 392 540 578
621 443 660 512 L.
687 441 864 512 Attnffil
887 441 1101 513 SENECAE

318 593 418 660 cant,
437 577 498 670 qui
523 575 679 669 protinus
698 573 767 642 mel
794 575 863 662 sit3
884 597 953 654 an,
982 597 1060 666 quse
1090 573 1333 669 collegerunt,
1362 579 1393 648 io

317 693 411 762 hunc
422 715 578 788 saporem
591 691 738 760 mixture
752 688 898 782 (pandam
916 704 951 758 et
963 692 1172 784 proprietate
1187 693 1333 786 spiritus
1344 699 1393 762 sui

321 822 466 876 mutent.
488 803 705 900 Quibusdam
734 805 825 872 enim
853 801 990 897 placet,
1017 827 1088 872 non
1113 804 1261 873 acisndi
1287 807 1394 874 mellis

319 925 493 992 scientiam
508 945 581 992 csse
595 921 664 991 illis
677 973 687 1004 ,
701 922 765 990 sed
781 919 980 1015 colligendi.
998 919 1103 988 Aiunt
1116 926 1125 956 ¹
1140 923 1292 990 inveniri
1304 924 1393 1016 apud

321 1040 426 1110 Indos
445 1040 513 1108 mel
531 1041 567 1108 in
585 1038 793 1107 arundinum
806 1037 898 1106 toliis
907 1086 919 1117 ,
935 1036 1029 1131 quod
1040 1054 1100 1106 aut
1116 1039 1279 1108 lucillius
1296 1041 1389 1124 cali,

318 1173 377 1226 aut
398 1159 504 1252 ipsius
521 1154 702 1225 arundinis
723 1153 867 1223 humor²
886 1151 998 1222 dulcis
1009 1162 1049 1222 'et
1067 1156 1230 1248 pinguior
1248 1157 1391 1252 gignat,

276 1279 294 1345 4
319 1276 355 1344 in
374 1275 501 1343 nostris
521 1295 658 1367 quoque
676 1272 795 1340 herbis
814 1271 885 1340 vim
903 1269 1083 1357 eamdem,
1102 1272 1166 1340 sed
1188 1275 1304 1342 minus
1321 1299 1395 1343 ma·

317 1371 476 1460 nifastam
502 1405 537 1458 et
554 1386 739 1457 notabilem
758 1388 867 1480 poni,
889 1410 992 1478 quam
1006 1404 1236 1480 prosequatur
1252 1406 1290 1456 et
1308 1413 1394 1458 con-

322 1505 436 1573 trahat
461 1505 586 1573 animal
615 1503 699 1572 huic
723 1504 775 1570 rei
804 1503 969 1596 genitam.
997 1502 1149 1593 Quidam
1175 1503 1391 1588 existimant,

318 1621 500 1690 conditura
518 1635 554 1691 et
572 1619 793 1715 dispositione
810 1620 848 1686 in
865 1619 955 1686 hanc
976 1619 1172 1710 qualitatem
1189 1622 1279 1688 verti
1288 1671 1300 1705 ,
1319 1645 1395 1712 quae

318 1763 359 1807 en
368 1740 564 1808 tenerrimis
575 1739 759 1836 virentium
772 1736 1035 1828 florentiumque
1050 1734 1288 1830 decerpserint
1302 1764 1312 1804 t
1326 1764 1393 1807 noo

319 1857 393 1926 sine
408 1855 575 1950 quodam,
594 1871 633 1923 ut
651 1856 698 1923 ita
715 1853 847 1937 dicam,
868 1853 1056 1935 fermento,
1075 1876 1145 1946 quo
1163 1854 1201 1922 in
1216 1879 1324 1924 unum
1342 1855 1395 1923 di-

318 1985 418 2041 versa
435 1970 643 2040 coalescunt.

275 2103 290 2158 ⁵
365 2089 454 2169 Sed,
474 2111 518 2156 ne
535 2081 707 2170 adalind,
730 2111 831 2180 quam
849 2084 894 2154 de
910 2109 980 2178 quo
995 2087 1129 2180 agitur,
1149 2085 1317 2171 abducar,
1335 2112 1397 2157 nos

318 2227 455 2296 quoque
467 2225 550 2296 apes
561 2203 725 2272 debemtn
739 2204 889 2287 imitari,
904 2217 956 2286 et,
971 2225 1193 2295 quincumque
1206 2225 1250 2272 ex
1261 2203 1395 2274 diversa

318 2320 465 2389 lectione
482 2321 731 2414 congessimus,
754 2341 942 2410 separare:
965 2319 1090 2388 melius
1115 2322 1207 2388 enim
1236 2319 1396 2391 disnncta

318 2448 516 2504 servantur:
531 2430 669 2515 deinde,
686 2431 841 2500 adhibita
859 2433 990 2525 ingenii
1007 2436 1115 2502 nostri
1132 2457 1216 2503 cura
1235 2452 1272 2503 et
1289 2437 1395 2505 lacm-

319 2565 400 2635 tate,
416 2551 452 2618 in
462 2572 567 2617 unum
577 2571 731 2640 saporem
739 2549 835 2616 varia
846 2546 1092 2616 illalilsamcnta
1103 2548 1332 2637 molundere3
1345 2568 1394 2631 ut,

317 2667 457 2736 etiamsi
473 2666 689 2759 apparuerit,
703 2665 797 2732 unde
810 2679 980 2758 sumptum
997 2668 1058 2750 sit,
1073 2666 1170 2734 aliud
1180 2683 1297 2736 tamen
1309 2695 1395 2754 esse,

318 2806 419 2874 quam
430 2780 521 2850 unde
533 2797 703 2875 sumptum
711 2797 774 2863 est,
787 2799 950 2875 appareat
961 2807 968 2846 :
979 2782 1072 2877 quod
1081 2784 1118 2852 in
1126 2807 1272 2878 corpore
1282 2803 1398 2853 nostro

277 2921 294 2974 a
317 2898 472 2967 videmus
487 2899 561 2968 sine
574 2897 645 2970 ulla
659 2922 762 2992 opera
778 2915 892 2968 nostra
902 2899 1016 2968 facere
1024 2917 1191 2969 naturam.
1208 2901 1395 2986 Alimenta,

317 3039 393 3108 quae
406 3017 610 3110 accepimus,
627 3014 792 3108 quamdiu
805 3017 843 3084 in
856 3041 916 3084 sua
928 3017 1092 3109 qualitate
1104 3019 1298 3112 perdurant
1305 3037 1342 3088 et
1350 3045 1401 3088 so·

318 3133 389 3201 lida
398 3134 553 3200 innatant
567 3131 755 3216 stomacho,
774 3156 879 3200 onera
892 3146 989 3220 sunt3
1006 3150 1041 3202 at
1055 3159 1161 3226 quum
1175 3159 1215 3202 ex
1230 3159 1287 3218 eo,
1305 3137 1400 3228 quod

319 3265 428 3333 erant,
447 3265 574 3317 mutata
587 3263 684 3330 sunt,
702 3265 784 3315 tunc
799 3245 936 3316 demum
949 3249 985 3316 in
995 3250 1084 3318 vires
1096 3252 1176 3319 etin
1189 3255 1397 3345 sanguinem

320 3443 438 3510 damam,
448 3443 632 3497 Reaumurinm
641 3443 673 3496 al.
683 3443 831 3517 explicatam
882 3443 933 3496 mel
943 3443 1048 3512 aliquod
1058 3484 1065 3507 ‚
1078 3457 1106 3496 ut
1115 3445 1193 3498 Plinii
1204 3447 1238 3498 N.
1250 3445 1286 3498 Η.
1296 3447 1367 3513 Xll,
1384 3447 1400 3497 8

318 3523 413 3590 haba,
428 3534 456 3574 ut
468 3523 500 3575 iis
510 3521 552 3574 hic
565 3521 695 3574 immorari
713 3519 778 3572 nihil
796 3532 831 3571 at·
883 3521 965 3574 verbis
977 3535 1048 3584 utar,
1061 3525 1203 3596 gummium
1215 3523 1296 3577 modo
1307 3525 1399 3577 randi·

319 3605 406 3656 lineat.
421 3604 488 3654 Loca
500 3615 613 3654 veterum
624 3601 654 3653 dc
663 3601 709 3654 hac
719 3621 746 3651 re
757 3599 831 3652 colle·
883 3599 960 3667 dum,
972 3601 1088 3654 dentibus
1098 3603 1203 3674 fragile,
1213 3602 1398 3676 amplissimum

320 3695 412 3757 gerunt
424 3683 506 3754 lntpp.
516 3682 548 3732 ad
560 3679 654 3754 virgil.
662 3679 710 3730 Ge.
718 3679 765 3740 lv,
774 3677 830 3730 init.
881 3680 957 3732 nucis
967 3680 1089 3733 avellanae
1096 3681 1276 3754 magnitudine
1285 3719 1292 3746 ,
1300 3682 1336 3734 ad
1346 3701 1399 3731 me-

320 3773 345 3813 el
353 3759 495 3813 Schneider
505 3758 537 3810 ad
546 3756 657 3810 Varron.
670 3757 701 3809 de
712 3755 830 3808 Rellust.
881 3755 975 3810 ‹licinae
990 3769 1089 3810 tanturn
1104 3779 1187 3812 usum.
1204 3759 1308 3822 Arbor,
1329 3759 1397 3811 unde

324 3841 371 3904 ¹3,
389 3839 435 3903 15,
448 3839 463 3890 8
477 3859 501 3910 p.
513 3836 638 3908 seq-584.
652 3833 743 3886 Rttdlt.
883 3833 1005 3907 gignitur,
1022 3850 1059 3888 est
1070 3837 1176 3889 Arundo
1189 3837 1302 3891 Bombos
1318 3839 1397 3889 Lino.

356 3918 601 3985 r.Ainnt...5ignct.
612 3915 675 3966 Non
688 3925 723 3965 est
734 3911 834 3966 saccha-
883 3913 1018 3985 Hodieque
1029 3914 1095 3988 apud
1113 3915 1256 3968 orientales
1274 3916 1401 3988 antispas-

319 4016 376 4048 rum
387 4007 516 4055 nostrum,
529 3993 599 4064 cujus
610 3991 739 4043 historiam
751 4003 832 4047 natur.
882 3992 1011 4044 modicum
1022 3991 1235 4046 medicamentum
1244 4007 1292 4060 est,
1302 3995 1399 4047 Russe-

319 4093 334 4126 a
351 4075 391 4126 Jo.
409 4071 573 4125 Beclmanno
588 4069 755 4141 conscriptam
773 4069 832 4122 vido
881 4068 916 4121 lio
931 4082 1039 4123 anctore,
1053 4069 1143 4122 notk.

321 4153 347 4205 in
361 4153 533 4204 Commentar.
553 4150 610 4202 Soc.
630 4149 693 4224 lieg.
714 4147 831 4222 Gotting.
914 4170 937 4201 a.
953 4149 1011 4200 Aur
1026 4150 1111 4218 ipsius
1128 4151 1271 4202 nundinis
1293 4149 1398 4202 mmor.

319 4227 364 4278 To.
383 4227 423 4292 V,
438 4228 481 4280 sed
494 4225 617 4293 Tabanir,
640 4246 659 4278 s.
675 4225 828 4291 Tabtsehir,
884 4223 931 4278 llla
948 4225 1039 4278 veritas
1055 4238 1098 4279 ast.
1114 4227 1234 4278 Lucanus
1251 4227 1310 4292 nt,
1331 4225 1402 4278 238:
