2975 4992
412 458 675 529 aristosa
698 458 806 529 xrv.
1085 490 1145 561 η,

127 588 253 653 Demus
276 584 394 675 itaque
419 606 582 676 operam,
608 582 836 653 abstineamus
855 584 1007 655 offensis.
1034 590 1190 663 Inter-⁶

88 702 156 769 dnm
176 700 329 793 populns
353 716 429 781 eat,
459 723 562 791 quem
585 702 704 769 timere
724 700 931 787 debeamus3
954 703 1146 791 interdum,

89 820 165 885 siea
192 817 344 884 civitatis
362 812 542 909 disciplina
570 830 644 901 eat,
673 832 711 885 ut
737 816 883 909 plurima
908 840 971 910 per
996 836 1149 889 senatum

88 935 316 1027 transigantur
327 938 352 1015 ¹,
377 933 520 1025 gratiosi
538 933 575 999 in
594 956 634 1001 co
650 933 765 1018 viri²3
783 932 954 1003 interdum
976 926 1147 1031 ³siugnli,

88 1050 206 1141 quibua
225 1064 379 1142 potestas
400 1047 541 1142 populi,
564 1063 598 1115 et
621 1049 657 1116 in
681 1048 869 1141 populum,
895 1048 973 1119 data
998 1068 1062 1119 est.
1082 1056 1152 1122 Hos

87 1188 198 1231 omnes
216 1163 348 1231 amicos
362 1162 513 1246 babere,
531 1184 707 1255 operosum
723 1176 776 1231 est
792 1188 801 1228 ι
816 1164 897 1231 satis
908 1180 982 1247 est,
998 1166 1153 1235 inimicos

88 1305 150 1349 nou
177 1280 323 1349 babere.
356 1280 476 1371 ltaque
510 1280 644 1372 sapiens
669 1301 843 1370 nunquam
868 1282 1056 1371 potentium
1083 1285 1153 1353 iras

88 1396 282 1490 provocabit
302 1423 312 1463 ι
332 1397 436 1465 immo
456 1394 667 1480 declinabit,
686 1418 760 1463 non
776 1394 877 1464 aliter
889 1418 991 1489 quam
1004 1399 1042 1467 in
1054 1401 1153 1467 navi-

87 1512 194 1606 gando
208 1510 412 1603 procellam.
430 1502 570 1601 Quum⁴
585 1524 717 1601 peteres
729 1510 897 1593 Siciliam,
912 1511 1073 1603 trajecisti
1085 1512 1154 1581 fre·
1178 1551 1192 1603 7

90 1643 170 1693 turn.
199 1624 424 1693 Temerarius
446 1620 654 1715 gubernator
673 1616 894 1716 contempsit⁵
917 1626 1024 1693 austri
1046 1628 1155 1695 mines

87 1740 157 1835 (ille
170 1759 224 1811 est
235 1742 353 1823 enim,
374 1740 434 1831 qui
454 1738 603 1809 Siculum
616 1738 758 1831 pelagus
774 1755 960 1833 exasperet,
977 1756 1012 1809 et
1029 1742 1066 1809 in
1080 1765 1155 1810 vor·

88 1862 165 1927 tices
182 1860 309 1953 cogat)
331 1879 426 1924 :non
445 1850 642 1924 sinistrum⁶
666 1858 767 1948 petiit
782 1856 898 1939 littus,
918 1856 979 1925 aed
1002 1856 1060 1939 id,
1087 1883 1156 1951 quo

88 1979 225 2069 propior
234 1971 435 2065 Charybdis
448 1972 554 2041 maria
563 1971 733 2041 convolvit
749 1997 758 2037 ε
773 1988 808 2039 at
817 1972 875 2040 itte
889 1974 1020 2043 cautior
1030 1977 1158 2067 peritos

91 2090 234 2159 locorum
250 2102 381 2179 rogat,
403 2086 463 2177 qui
482 2100 581 2151 aestus
605 2086 648 2151 sit
660 2088 686 2169 ⁷,
708 2109 784 2177 qute
806 2088 904 2179 signa
919 2086 1002 2155 dent
1020 2088 1155 2175 nubea3

91 2220 121 2269 et
134 2202 236 2294 longe
254 2200 302 2267 ab
320 2198 380 2266 illa
398 2198 540 2291 regione
556 2198 746 2265 vorticibus
759 2198 877 2267 infami
893 2224 1029 2269 cursum
1049 2218 1154 2271 tenet.

91 2318 175 2385 ldcm
189 2318 273 2386 facit
289 2316 431 2409 sapiens
449 2316 659 2383 :nocituram
675 2316 861 2409 potentiam
879 2318 985 2402 vitat,
1001 2316 1068 2385 boe
1080 2318 1158 2411 pri-

92 2460 172 2503 num
185 2458 341 2516 carens,
358 2456 404 2499 ne
419 2433 527 2499 vitare
540 2430 706 2499 videatur.
724 2434 807 2499 Pars
818 2434 910 2501 enim
922 2436 1112 2503 securitatis
1123 2450 1159 2503 et
1184 2453 1200 2505 t

92 2555 121 2619 in
134 2554 199 2621 hoc
212 2568 266 2621 est
278 2602 291 2637 ,
305 2574 378 2618 non
391 2574 430 2619 ex
443 2549 593 2643 professo
606 2573 678 2617 eam
693 2542 851 2643 petere'3
870 2552 970 2642 quia,
988 2576 1064 2643 quae
1080 2554 1158 2643 quis

90 2804 124 2856 ed.
135 2808 168 2857 A,
180 2805 423 2877 Vulgosebremc..
434 2802 603 2855 torrentemai'.
650 2802 732 2873 (quasi
741 2806 910 2869 excrementa)
917 2804 1050 2873 vorabant,
1057 2807 1162 2863 Strabo·

120 2904 139 2935 t.
159 2882 196 2935 Ut
208 2886 337 2951 plurima
348 2890 526 2949 perunctum
536 2890 604 2933 fratr·
651 2899 683 2932 nc
694 2882 815 2933 referente
825 2883 871 2942 Vi,
881 2882 964 2956 a‚3.p·
973 2888 1030 2950 ast,
1043 2886 1084 2938 ed.
1094 2886 1161 2960 Lips-

90 2962 207 3027 u'gantur.
220 2960 282 3013 blot
299 2973 363 3011 tune
383 2956 502 3031 temporis
514 2976 543 3007 ex
553 2958 605 3009 Ti·
684 2960 722 3011 5.t
730 2962 883 3027 cntempsit,
892 2964 1026 3028 ἀοριστιιός
1034 3000 1042 3023 ,
1050 2982 1096 3032 pro
1102 2984 1165 3017 ecn-

91 3036 147 3089 berii
163 3038 285 3089 instituto
303 3036 397 3089 Roma
413 3032 506 3097 fiebat,
525 3033 604 3085 torni-
652 3048 764 3089 temnere
776 3037 847 3090 solet.

91 3118 127 3167 tiis
139 3116 163 3168 in
177 3118 280 3169 reniam
296 3136 412 3189 ecampo
427 3114 559 3166 translatis.
570 3114 604 3167 If.
685 3115 710 3168 li.
728 3116 790 3167 Non
800 3118 946 3169 sinistam.
960 3118 1010 3169 Ubi
1024 3118 1109 3191 Scylla
1116 3134 1162 3185 est,

120 3215 141 3245 a.
160 3192 366 3247 Grntiosr't'neo
379 3194 436 3244 viri.
449 3190 491 3243 Sic
503 3190 605 3265 plurimi
654 3214 738 3247 versus
763 3194 1048 3266 Pelorumvitgilius:
1073 3200 1164 3253 «Dex-

90 3273 157 3325 rodd.
167 3294 209 3343 ap.
224 3271 350 3323 Pinciam
361 3269 481 3321 Modiam
494 3282 519 3319 et
531 3270 605 3321 Gru·
655 3284 721 3323 trum
733 3272 817 3344 Scylla
833 3273 912 3335 latus.
926 3274 1020 3329 larum
1031 3276 1163 3349 implacata

91 3360 175 3401 terum.
194 3354 230 3401 tte
252 3349 379 3401 Erasmus
400 3346 431 3397 al.
446 3350 558 3415 pretiosi
572 3349 607 3397 tt·
657 3346 815 3423 Charybdis,
839 3351 976 3405 Obsides»
988 3354 1067 3421 Quod
1082 3356 1117 3407 ita
1128 3370 1165 3407 est

90 3440 210 3479 arreum
220 3432 250 3479 r'n
263 3446 295 3479 eo
305 3430 367 3478 virt.
381 3424 468 3479 Ruit.
657 3426 754 3479 Sicilia
763 3441 892 3498 respectu,
904 3442 929 3479 et
934 3429 956 3479 ri
966 3431 1022 3497 quis
1034 3452 1063 3483 er
1074 3451 1103 3484 ea
1112 3433 1165 3485 sot-

119 3506 143 3556 3.
158 3506 290 3573 Singuli,
304 3503 474 3575 magistratus.
656 3514 705 3554 vat.
720 3506 810 3573 Atqui
822 3504 936 3557 uitalia
945 3510 1040 3559 tecam
1053 3510 1165 3581 Scyllam

120 3586 144 3649 ⁴.
169 3582 304 3654 Quamne
324 3582 455 3633 convolvit.
487 3578 608 3652 Exemplo
656 3580 898 3643 habcrtt,dextram
906 3582 1073 3655 Charybdim,
1085 3588 1106 3639 si
1114 3608 1167 3640 me-

91 3674 142 3712 trtar
172 3660 331 3731 trajectione
358 3656 415 3709 freti
442 3657 470 3710 in
494 3656 608 3709 Siciliam
657 3656 699 3709 dia
711 3658 855 3729 utriusque,
871 3672 898 3711 ut
910 3662 1009 3728 soleat,
1029 3678 1113 3719 nante
1125 3680 1167 3717 te-

92 3740 191 3809 Sqffa,
205 3756 266 3809 qua
282 3736 364 3789 ftafiae
377 3736 487 3805 adjacet.
500 3748 524 3787 et
538 3736 610 3788 Cha·
659 3748 730 3789 nent
742 3737 858 3803 lipsius.
906 3746 910 3760 '

92 3819 180 3891 r5bdi,
195 3839 255 3891 quae
269 3817 369 3871 Sicilire
383 3829 432 3879 est,
446 3814 549 3867 infami:
565 3814 609 3866 in·
691 3835 713 3883 7.
731 3814 832 3867 AErtns
855 3816 1019 3869 112.AEth
1039 3838 1167 3887 accessus,

95 3898 226 3951 festissima
243 3896 358 3967 navigiis
375 3891 624 3967 Charybdis‚gur-⁶
658 3896 771 3961 ἄμπυως.
798 3893 839 3947 Cf·
867 3893 969 3951 Closer.
991 3896 1061 3948 Sieil.
1083 3898 1169 3969 Antip.

94 3997 134 4047 ger
156 3978 230 4031 mira
254 3972 460 4048 profunditatis,
485 3972 512 4024 in
534 3990 609 4043 quern
659 3972 687 4033 l,
708 3973 731 4025 5.
753 3971 889 4023 ΒΜ.-
903 3973 1005 4045 Optime
1022 3974 1098 4027 vertit
1113 3974 1170 4027 la·

96 4068 164 4107 estus
181 4054 240 4107 freti
261 4074 292 4107 ea
311 4052 415 4123 abrepta
434 4048 564 4115 absorbet,
587 4063 612 4101 et
657 4068 757 4119 prenge
767 4069 774 4102 ε
786 4047 829 4100 Lo
841 4052 1017 4106 dimetienda
1030 4073 1149 4107 murcos.

96 4133 232 4205 fngnenta
244 4133 278 4185 ad
290 4131 363 4185 littus
373 4127 614 4181 Tauromenitamm
695 4126 719 4179 8.
737 4128 827 4179 Petere
833 4128 950 4181 omnium
958 4128 1077 4183 estcodd.
1085 4130 1169 4196 lectio,

97 4210 176 4279 ejicit,
190 4210 261 4283 qnod
278 4209 327 4263 bac
345 4208 379 4263 de
397 4224 474 4259 caesa
497 4204 615 4279 Copriam
664 4225 740 4275 quam
752 4208 868 4261 Munus
880 4206 987 4261 mutarit
999 4207 1027 4261 in
1042 4225 1050 4260 ε
1057 4208 1170 4280 suern,
