2975 4992
356 424 422 467 ato
650 396 692 467 L.
716 396 895 467 ANNAEI
920 398 1137 473 SENECAE

355 531 442 600 teuis
459 528 628 599 miliibus'
651 528 718 597 sibi
736 543 891 599 constare
908 530 1064 625 singulos
1081 554 1198 601 servos
1225 558 1234 599 ε
1250 534 1412 619 Minores,

311 692 325 736 ⁷
353 647 491 740 inquit,
512 644 653 717 totidem
673 647 821 717 scrinia¹
841 644 1001 717 emisses!
1022 648 1086 717 Ille
1102 664 1215 719 amen
1232 651 1269 717 in
1286 674 1326 719 ea
1343 654 1416 745 opi·

352 764 455 832 uioue
473 779 568 846 erat,
588 778 627 831 ut
650 778 787 856 putaret
803 787 839 833 se
856 766 946 834 scire
963 762 1056 858 quod
1077 766 1257 857 quisquam
1271 767 1308 833 iu
1322 764 1415 837 domo

240 964 249 979 ⁶
351 899 412 945 sua
428 876 543 945 sciret.
562 874 659 944 Idem
678 869 836 945 Satellius
851 876 947 945 ilium
968 878 1098 946 hortari
1113 880 1236 972 coepit,
1257 894 1297 947 ut
1313 878 1415 949 lucta·

351 1004 467 1079 retur3
498 991 671 1060 homiuem
693 1015 846 1085 agrum
875 992 1067 1086 pallidum,
1098 994 1273 1087 gracilem.
1304 994 1415 1086 Quum

349 1107 496 1178 Sabinus
514 1106 744 1201 respondisset
768 1133 776 1175 ε
800 1112 845 1177 Et
861 1109 1030 1202 quomodo
1050 1112 1217 1203 possum?
1238 1111 1296 1179 vix
1316 1106 1412 1179 vivo!

349 1224 449 1307 Noli,
478 1223 619 1293 obsecro
639 1239 694 1308 te,
725 1226 860 1317 iuquit,
889 1224 982 1295 istud
1009 1222 1148 1295 dicere!
1179 1249 1250 1294 nou
1274 1215 1413 1307 'viden

306 1370 323 1423 3
349 1364 450 1431 quam
467 1340 590 1409 multos
605 1364 719 1411 servos
730 1341 976 1413 valentissimos
989 1342 1286 1413 habenti-Boua
1299 1334 1315 1387 ⁴
1327 1366 1416 1411 meus

347 1480 411 1526 nec
428 1456 678 1541 commodatur,
696 1482 762 1527 nec
778 1460 918 1547 emitur3
937 1476 972 1529 et
984 1476 1090 1555 puto,
1108 1462 1137 1529 si
1155 1460 1286 1528 venalis
1304 1474 1413 1540 esset,

348 1599 417 1644 non
433 1574 577 1643 haberet
595 1591 782 1668 emptorem
800 1603 808 1643 ι
825 1592 860 1645 st
876 1577 963 1646 mala
976 1576 1130 1669 quotidie
1143 1578 1281 1647 emitur.

397 1692 465 1762 Sed
479 1694 596 1785 accipe
606 1692 677 1785 jam
692 1690 785 1783 quod
798 1691 928 1775 debeo,
945 1708 980 1761 et
996 1692 1084 1761 vale.
1107 1719 1124 1757 s
1140 1693 1277 1763 Divitiae
1291 1682 1411 1769 'sunu

347 1807 393 1877 ad
410 1809 522 1903 legem
534 1824 665 1877 naturae
684 1809 867 1901 composita
888 1824 1081 1903 paupertas.
1102 1835 1118 1873 s
1140 1812 1213 1877 Hoc
1229 1831 1320 1902 saepe
1338 1806 1419 1877 dicit

347 1926 534 2019 Epicurus,
555 1923 656 1993 aliter
670 1938 773 2015 atque
788 1923 914 1991 aiite'r:
936 1921 998 1991 sed
1017 1946 1194 2014 uunquam
1210 1920 1313 1989 nimis
1333 1918 1418 1987 dici-

348 2059 425 2125 tur,
444 2040 536 2135 quod
557 2064 732 2134 uunquam
755 2041 836 2109 satis
857 2040 1011 2108 discitur.
1031 2036 1244 2131 Quibusdam
1267 2033 1418 2105 remedia

348 2160 584 2243 monstranda,
607 2157 810 2251 quibusdam
830 2156 1031 2227 inculcanda
1050 2171 1140 2223 sunt.
1163 2155 1259 2223 Vale.

347 2394 857 2471 truncate,tibiqueelspsareponantl.
939 2393 964 2445 3.
981 2393 1042 2446 Non
1053 2396 1127 2447 vides
1129 2431 1186 2447 .......
1198 2392 1419 2447 debeas-Derisoi

384 2498 402 2530 ι.
430 2480 544 2531 Centenis
570 2476 688 2530 mittitur
717 2471 858 2541 sestertiis,
907 2470 1066 2525 babuiteum
1080 2470 1420 2526 SatelliustuameicutCaI·

348 2552 414 2607 circa
425 2552 514 2627 uo,379
526 2555 656 2607 innostra
666 2566 785 2619 monetae,
797 2571 859 2605 rooo
908 2550 987 2605 vitius
1006 2550 1149 2605 dominam
1168 2571 1299 2605 servorum
1315 2550 1420 2625 putabat

347 2633 452 2687 aureisa
465 2632 601 2685 Frederieo
612 2629 762 2691 nominatis,
774 2629 795 2682 si
806 2627 861 2682 Ro·
908 2650 996 2694 suam,
1014 2649 1058 2682 rar
1073 2649 1126 2683 nou
1138 2630 1199 2683 item
1218 2648 1306 2683 sonam
1317 2624 1419 2682 robur?

347 2716 389 2765 md
407 2714 439 2765 de
457 2711 533 2765 tlste
551 2710 663 2781 sequaris
681 2710 709 2761 iu
732 2720 861 2781 eomputa-
909 2707 997 2761 Ruit.

347 2789 416 2841 tione
427 2789 482 2842 hac.
940 2787 965 2852 4.
982 2782 1062 2837 Bona
1079 2804 1151 2838 mens
1171 2784 1236 2840 redit
1252 2783 1340 2850 adid,
1354 2804 1419 2858 pro·

381 2887 404 2917 a.
424 2866 541 2918 Totidem
561 2868 665 2918 serinia.
677 2864 708 2915 Iu
721 2856 859 2935 quibusre·
908 2872 962 2935 pter
975 2861 1044 2932 quod
1063 2860 1129 2914 haur
1148 2860 1279 2913 historiam
1302 2862 1421 2914 attalem

348 2942 409 3019 poni
427 2940 485 2994 libri
502 2954 527 2993 et
542 2940 632 3014 scripta
648 2940 739 2994 soient.
754 2941 784 2993 ld
795 2960 859 3011 quc-
907 2940 956 3011 53.
971 2940 1044 2993 Βοιιι
1055 2959 1127 2993 meus
1138 2941 1188 2993 tale
1200 2939 1356 3010 adjutorium
1366 2958 1421 2991 noa

349 3041 398 3092 que
410 3020 486 3092 igitur
504 3030 607 3091 argute:
620 3020 648 3072 si
665 3018 723 3080 tibi,
738 3031 859 3089 tauquam
907 3021 983 3076 habet
993 3040 1011 3089 ,·
1020 3021 1090 3091 quali
1103 3022 1191 3076 littera
1203 3020 1332 3075 interdum
1350 3040 1422 3097 gau-

348 3100 457 3153 armaria
468 3109 491 3149 et
500 3098 592 3151 serinia
603 3112 673 3161 suut,
686 3096 800 3169 aquibus
808 3115 859 3150 au·
906 3099 975 3152 deut.
988 3098 1079 3151 ltutt.

349 3190 428 3230 etores
438 3186 569 3249 petasteur
579 3194 630 3225 uon
640 3174 691 3247 iper
702 3173 784 3226 emisti
792 3212 799 3238 ,
808 3173 860 3227 mi·
940 3178 964 3229 5.
981 3176 1090 3230 Divitia
1101 3184 1168 3231 sunt.
1179 3176 1237 3230 lice
1252 3176 1359 3251 Epicuri
1374 3176 1421 3229 di-

350 3253 417 3305 uorie
428 3248 531 3323 quidem
541 3292 552 3319 ,
563 3264 587 3303 et
599 3270 655 3322 quae
673 3250 771 3304 fidelius
784 3252 860 3307 etiam
907 3264 976 3305 etum
986 3242 1039 3323 jani
1050 3255 1165 3327 apposuit
1176 3254 1269 3307 Noster
1281 3252 1328 3329 Ep.
1339 3269 1379 3320 tv,
1394 3253 1418 3304 8.

348 3330 533 3387 asservasseat?
548 3326 660 3399 lipseits.
908 3327 998 3381 Itutt.
1362 3338 1366 3345 '
