2975 4992
264 588 270 595 ‚
351 508 918 581 un1s‘r0usnxxxv111.
1101 518 1168 611 62,

105 668 169 719 esse
191 641 303 712 credis
326 640 429 724 boni,
456 664 603 734 quorum
625 640 836 735 professores
861 638 1075 736 turpissimos
1096 670 1171 715 om·
1269 718 1275 727 ,

105 767 189 835 nium
215 784 256 829 no
276 758 557 853 flagitiosissimos
571 759 683 827 cernis
696 760 711 827 l
726 760 824 827 ΝοιιΙ
849 757 983 842 discere
1008 761 1172 834 debemus

106 886 181 964 ists,
203 875 263 949 sed
281 876 455 946 didicisse.

148 994 295 1090 Quidam
313 991 399 1061 illud
424 992 468 1060 de
492 990 693 1061 liberalibus
713 988 835 1060 studiis
847 994 1069 1085 querendum
1079 1000 1174 1092 judi-

106 1126 275 1197 caverunt,
291 1134 337 1180 sn
348 1111 461 1179 virum
474 1108 601 1179 bonum
615 1110 781 1179 fecerent.
794 1112 847 1178 Ne
859 1113 1084 1204 promittunt²
1099 1118 1175 1209 qui·

106 1214 196 1312 dem,
221 1250 287 1296 nec
305 1225 409 1320 hujus
428 1225 479 1293 rei
503 1226 680 1295 scientium
701 1226 872 1295 affectant.
900 1223 1173 1301 'Grumum

106 1346 188 1413 cim
198 1366 315 1413 curem
328 1342 493 1412 sermonis
507 1359 682 1428 versatur,
698 1358 755 1427 et,
770 1345 799 1411 si
814 1344 915 1413 latius
929 1349 1067 1442 evagari
1081 1350 1171 1431 vult,

107 1464 190 1531 circu
205 1460 497 1553 historiessjam,
521 1475 559 1529 ut
577 1460 777 1555 longissime
796 1461 884 1533 fines
902 1486 982 1533 suos
999 1466 1180 1558 proferat,

107 1579 190 1649 circs
207 1578 371 1647 carmina.
394 1575 491 1671 Quid
512 1576 636 1646 horum
655 1577 699 1646 od
718 1578 888 1647 Virtutem
912 1582 1002 1650 rium
1028 1586 1178 1652 sternit?
1203 1641 1218 1691 3

107 1694 304 1789 syllabarum
324 1695 519 1779 enarratio,
542 1708 576 1762 et
594 1692 778 1763 verborum
801 1693 1002 1790 diligentis,
1022 1713 1058 1765 et
1076 1699 1174 1768 fabu-

107 1814 208 1883 larum
225 1814 413 1895 memoris,
435 1826 470 1879 ct
485 1834 645 1880 versuum
660 1810 713 1879 lex
727 1833 768 1880 sc
783 1810 1017 1883 modificatio?
1027 1816 1125 1908 Quid
1137 1842 1177 1885 ex

108 1932 156 1999 his
178 1945 305 1999 metum
328 1928 455 2013 demit,
488 1927 709 2022 cupiditatem
731 1930 869 2012 eximit,
897 1930 1076 2001 libidinem
1101 1934 1180 2004 lm-
1295 1954 1302 1967 ·

108 2050 187 2118 nat?
201 2045 256 2117 Ad
272 2045 505 2117 Geometrium
524 2060 756 2129 transeamus,
774 2046 868 2114 etad
884 2050 1048 2118 Musiosm
1065 2076 1074 2118 t
1089 2052 1179 2121 nihil

108 2163 192 2258 opud
217 2164 295 2232 illes
317 2164 492 2249 invenies,
515 2161 610 2254 quod
632 2178 723 2231 vetet
749 2165 891 2248 timere,
919 2180 1012 2233 vetet
1036 2190 1174 2261 cupere.

108 2280 267 2374 Quisquis
282 2278 357 2349 hoec
373 2270 543 2371 ignorati,
563 2278 629 2347 elia
646 2278 775 2347 frustm
793 2280 867 2348 scit.

152 2395 345 2468 Videndum
365 2412 479 2463 utrum
504 2393 649 2464 dooesnt
670 2396 724 2463 isti
745 2396 938 2480 Virtutem,
966 2420 1011 2466 on
1028 2422 1098 2467 non
1121 2428 1130 2468 :
1151 2403 1179 2469 si

109 2539 171 2585 non
190 2514 339 2597 docent,
362 2536 406 2581 ne
426 2510 567 2581 tradunt
583 2510 748 2607 quidem,
770 2514 798 2581 si
818 2512 961 2597 docent,
982 2514 1180 2612 philosophi

109 2646 192 2701 suut.
211 2631 273 2699 Vis
287 2630 395 2713 scire,
410 2652 512 2721 Qum
532 2650 600 2697 non
615 2626 660 2696 ud
674 2625 861 2697 docendum
876 2630 1038 2699 virtutem
1055 2657 1181 2702 conse-

109 2749 241 2817 derint?
259 2746 375 2840 aspice
393 2769 494 2837 qunm
512 2742 692 2813 dissimilis
715 2736 806 2815 inter
833 2770 870 2815 se
898 2750 1049 2817 omnium
1070 2752 1181 2821 studia

107 2867 170 2953 siut
196 2891 204 2931 :
229 2864 327 2955 utqui
352 2858 537 2930 similitudo
556 2873 644 2929 esset
664 2860 758 2930 idem
773 2860 982 2933 docentium.
1002 2868 1076 2934 Nisi
1095 2867 1181 2936 lorte

1206 2690 1222 2757 4
1302 2700 1306 2706 ,

108 3108 227 3181 judicium
246 3106 315 3179 justo
334 3104 450 3179 cupidius
466 3122 518 3159 esee
534 3102 618 3176 quirit
667 3122 722 3157 cum
733 3116 839 3159 exercet.
851 3105 993 3178 Distinguit
1004 3106 1088 3179 itaque
1098 3123 1183 3164 noster

108 3185 221 3260 intelligit
230 3205 237 3240 ε
245 3183 295 3239 ssd
305 3183 374 3237 euim
381 3183 459 3238 stoice
470 3182 618 3246 dictumest.
668 3182 1093 3259 Gummtieumumsgistrislodi,
1100 3206 1192 3260 grem,

108 3262 169 3315 llum
179 3261 251 3335 quod
260 3262 358 3315 houm
369 3272 418 3324 est,
430 3272 455 3312 et
463 3253 619 3314 bonosiacil.
668 3259 790 3324 metistis,
803 3261 848 3330 qui
860 3261 955 3335 primas
967 3262 1062 3318 litteus
1075 3267 1181 3341 (legere,

108 3340 151 3414 Ep.
160 3356 290 3405 mxvii,
304 3358 343 3392 ro.
353 3337 444 3391 lludlt.
668 3338 797 3405 seribere,
818 3344 969 3407 uumenre)
989 3342 1123 3399 docebant.
1141 3346 1182 3399 Cf.

141 3438 160 3471 ι.
167 3420 228 3473 Nm
236 3420 361 3473 diesem..
371 3418 419 3469 sed
427 3418 554 3471 Meiere·
565 3417 619 3469 llos
669 3416 798 3470 (iulide.
806 3419 910 3473 Vossius
919 3419 961 3473 De
970 3422 1031 3474 Arte
1040 3422 1182 3480 Grammut.

109 3498 153 3551 viri
162 3516 281 3559 messa
298 3508 358 3549 suut
373 3494 442 3548 enim
460 3494 618 3561 rudimenta,
668 3495 695 3558 l,
712 3514 735 3559 ι,
750 3496 821 3549 sabi
830 3498 911 3551 nostri
919 3502 1076 3571 quoqueloci
1083 3524 1183 3557 memor

109 3599 159 3631 uon
172 3598 257 3651 opere.
270 3576 363 3629 Rull-
669 3572 731 3637 tuit,
742 3574 867 3629 etW01f.
874 3576 1021 3651 Prolegom.
1031 3582 1065 3633 sd
1076 3584 1182 3638 Homer.

139 3678 162 3709 n.
172 3650 546 3726 Nepmmt'ttunt...uffectonl.
557 3650 621 3724 Spe-
669 3672 693 3724 p·
708 3651 755 3703 231
768 3671 823 3723 sqq.
844 3653 954 3722 Quintil.
970 3658 1032 3713 lust.
1051 3659 1096 3715 Or.
1116 3664 1143 3728 1,
1166 3664 1182 3727 4

108 3735 145 3788 cie
157 3752 245 3789 eorum
256 3752 277 3785 s.
288 3734 370 3785 ῐοτιιιι
381 3729 553 3794 considerate,
565 3748 619 3781 non
670 3728 749 3783 Gesn-
761 3730 864 3803 egregie
872 3745 990 3787 ustunm
1000 3736 1182 3794 Grammaticus

63 3806 64 3809 ¹
110 3812 299 3883 maurisqusm
310 3806 526 3863 camoenalis.
670 3806 782 3880 exponit,
792 3811 1183 3889 ethsueutemlsudut,qnam

141 3894 164 3947 ³.
176 3893 385 3947 Grammaticus.
396 3888 436 3939 Es
450 3886 567 3941 hocloco
578 3904 622 3961 ps·
669 3896 755 3939 noster
767 3885 809 3940 hie
821 3886 948 3960 deprimit.
960 3891 1050 3944 null.

110 3984 143 4025 trt
161 3968 348 4025 Grammaticus
371 3964 434 4037 quid
460 3965 537 4019 luerit
555 3964 620 4037 opud
703 3963 727 4028 4.
741 3960 1184 4043 Quisqurshoec1'3norot.l.e.qno·

111 4051 247 4107 Romanos.
257 4050 282 4101 le
293 4046 362 4099 euim
375 4043 491 4117 exponit,
499 4042 563 4115 quid
574 4042 621 4095 lit-
671 4040 1185 4117 modotimeresutcuperedesiust.1.o·

111 4138 173 4195 ten,
188 4124 300 4188 voculis,
316 4120 426 4195 syllaba,
440 4121 485 4175 rel.
502 4120 550 4185 sit;
567 4131 621 4173 tum
670 4120 757 4191 quitur
774 4121 914 4177 demusin
929 4137 1052 4197 tunquam
1067 4128 1184 4202 philoso-

112 4206 181 4259 doeet
192 4206 343 4278 discipulos,
358 4216 386 4257 ut
398 4223 475 4276 pure,
488 4200 622 4255 emendate
670 4200 735 4275 plius
744 4202 816 4255 stole.
825 4203 870 4274 qui
880 4203 926 4256 etsi
936 4202 997 4258 huic
1008 4206 1056 4259 arri
1070 4228 1125 4261 non
1139 4209 1185 4262 ab·

111 4284 245 4355 loquentiu
258 4284 415 4345 scribsutve3
429 4282 529 4335 tundens
538 4278 621 4333 Criti·
670 4277 766 4349 judiret
776 4277 915 4333 efficacium
926 4280 954 4334 in
965 4282 1080 4337 suimnm
1089 4306 1186 4343 mores,
