2975 4992
322 358 387 447 ns
452 330 476 433 J
609 360 648 431 n.
675 354 1096 433 laurisannum

263 538 266 545 »
320 489 567 559 adolescentem
586 492 731 573 tristem,
746 516 847 582 quam
864 491 1008 560 hilarem
1019 508 1053 560 et
1069 491 1249 561 amabilem
1260 488 1380 578 turbu«

320 609 445 689 Vinum
455 608 546 675 enim
559 612 567 643 ¹
581 606 706 676 bonum
716 608 792 677 fieri
799 659 811 690 ,
826 609 918 701 quod
927 632 1046 677 recens
1055 609 1178 677 durum
1187 626 1222 679 et
1230 636 1384 706 asperum

319 725 429 793 visum
448 741 498 793 est
515 752 523 790 ι
543 746 611 793 non
636 726 706 816 pati
724 739 877 808 atatem,
900 723 993 817 qnod
1009 727 1046 793 in
1063 725 1154 795 dolio
1170 732 1184 761 ²
1205 728 1345 820 placuit.
1367 756 1383 793 n

280 860 296 925 4
321 841 401 909 Sine
409 864 486 909 eum
496 842 624 907 tristem
634 841 818 933 appellent,
831 856 865 908 et
873 841 1046 909 inimicum
1058 838 1383 935 processibue³suis3

321 950 409 1026 bene
423 982 460 1025 se
470 951 586 1025 dahit⁴
602 958 637 1023 in
652 972 817 1025 vetustate
830 958 903 1050 ipsa
916 958 1065 1026 tristitia.
1080 961 1279 1030 Perseveret
1287 960 1387 1029 modo

324 1073 438 1141 colere
452 1073 637 1158 virtutem«,
655 1072 837 1166 perbibere
854 1071 1009 1141 liberalia
1026 1068 1165 1142 studia⁵
1181 1103 1192 1161 ς
1210 1053 1283 1143 non
1294 1068 1385 1157 ⁶illa,

322 1187 447 1280 quibus
464 1187 625 1281 perfundi
639 1189 719 1270 satis
730 1203 805 1273 est,
822 1188 996 1273 sudham,
1012 1190 1138 1282 quibus
1149 1190 1333 1284 tingendus
1340 1206 1389 1259 est

323 1305 467 1373 animus.
488 1307 561 1371 Hoc
575 1319 627 1373 est
645 1301 799 1373 discendi
814 1319 957 1397 tempus.
978 1343 1017 1356 -
1029 1305 1125 1397 Quid
1134 1308 1241 1401 ergo?
1253 1305 1389 1399 aliquod

324 1434 399 1503 est,
419 1443 488 1511 quo
507 1442 577 1487 non
596 1420 640 1486 sit
662 1418 861 1487 discendum
876 1421 953 1487 Ρ-
966 1418 1130 1489 Minime!
1150 1421 1210 1490 sed
1229 1422 1390 1515 quemad-

226 1570 229 1577 ·
325 1536 461 1603 modum
488 1535 645 1605 omnibus
667 1536 767 1603 annis
794 1534 931 1605 studere
947 1538 1125 1606 honestum
1144 1554 1218 1622 est,
1248 1541 1297 1607 ita
1325 1562 1390 1607 non

326 1652 482 1725 omnibus
499 1651 629 1719 institui
648 1654 674 1717 ⁷.
688 1652 818 1744 Turpis
830 1667 865 1720 et
882 1652 1028 1721 ridicula
1042 1647 1055 1688 ⁸
1075 1676 1130 1723 res
1147 1669 1198 1721 est
1211 1652 1393 1722 elementa-

285 1776 300 1827 5
326 1750 397 1836 rius
410 1789 511 1834 senex
528 1764 671 1857 :juveni
686 1763 911 1857 paranduml,
927 1765 1000 1832 seni
1019 1764 1183 1834 utendum
1194 1782 1259 1834 est.
1276 1767 1395 1835 Facies

326 1904 410 1977 ergo
426 1906 499 1951 rem
513 1881 726 1949 utilissimam
741 1881 804 1948 tibi
821 1931 831 1964 ,
852 1883 881 1949 si
896 1880 991 1949 illum
1007 1907 1107 1975 quam
1124 1868 1290 1977 optimum
1303 1884 1391 1951 fece-

326 2003 387 2071 ris.
415 2002 497 2067 Haec
520 2001 617 2067 aiunt
633 1998 802 2067 beneficia
819 2023 891 2067 esse
909 2000 1098 2093 espetenda
1115 1999 1394 2093 tribuendoque,

326 2140 396 2185 non
412 2114 517 2183 dubio
533 2115 649 2207 primae
666 2116 786 2201 sortis,
805 2139 881 2207 quae
897 2131 965 2183 tam
979 2113 1061 2184 dare
1078 2114 1216 2210 prodest
1230 2139 1334 2209 quam
1346 2140 1396 2184 ac·

327 2362 384 2422 ptor
390 2347 562 2401 Eratosthenis
570 2348 762 2401 at.ct.Fabrieii
769 2347 836 2401 Bibl.
884 2350 1003 2414 tentiam,
1016 2350 1125 2422 ideoque
1133 2350 1258 2405 lelieitsti.
1269 2350 1315 2406 Sic
1320 2351 1396 2425 Epist.

328 2424 374 2479 Gr.
382 2425 441 2478 vot.
452 2426 504 2493 lll,
514 2444 538 2497 p.
549 2427 597 2491 540
606 2444 660 2496 sqq.
668 2424 837 2479 Hartltutk.
886 2441 953 2492 cxv,
979 2428 1028 2480 18:
1042 2429 1191 2498 Queruntur
1203 2442 1228 2482 et
1243 2430 1275 2481 de
1287 2428 1397 2481 consiliis

364 2506 700 2573 1.thumem'm...ptacuir.
707 2503 759 2556 Ubi
768 2502 838 2556 enim
885 2512 910 2557 e!
923 2506 955 2559 de
967 2506 1122 2580 processibus
1134 2509 1193 2561 suis.
1207 2507 1301 2559 flunt.

270 2646 273 2655 Ι
329 2584 417 2635 vinum
428 2581 557 2635 novellum
565 2580 669 2654 paulum
680 2581 837 2644 delreeasset,
919 2583 1399 2650 4.Bmesedabir‚erc.Grurernsre·

330 2658 503 2715 delundebent
517 2658 545 2711 in
563 2658 695 2729 amphoras
712 2670 737 2709 et
755 2657 838 2710 rados.
887 2673 925 2714 ere
940 2665 1033 2715 refutat
1049 2653 1255 2715 emendationem
1275 2660 1334 2713 ICti
1352 2679 1399 2712 cu-

329 2737 402 2791 Farit
419 2736 468 2790 lme
487 2739 658 2807 fragmentum
678 2735 791 2788 Alexidis
810 2755 840 2787 ex
888 2739 1070 2809 jusdamsbene
1079 2740 1181 2793 sedabit
1190 2747 1321 2791 vetustate
1331 2744 1399 2806 ι’ρεα,

333 2814 464 2869 Comoedis
474 2816 604 2883 Δημήτριος
614 2850 622 2879 ,
633 2814 649 2871 t
660 2815 792 2881 φιλέταιρος
802 2812 842 2865 in·
889 2820 1033 2870 tristitiam.
1051 2817 1117 2869 Nam
1136 2815 1181 2869 ille
1201 2814 1328 2885 loquendi
1342 2834 1403 2868 usus

330 2890 842 2966 seripta‚servatum,parilemsenteutiam
891 2893 1033 2945 tritissimus
1047 2905 1090 2945 est.
1103 2890 1193 2943 Ruit.

333 2970 440 3022 elierens'
448 2988 485 3041 ap.
493 2967 840 3039 BrnnlfinompoeeGree.
924 2971 948 3023 5.
961 2971 1095 3023 Perbs'bere
1103 2970 1224 3022 liberulis
1236 2970 1328 3020 studia
1337 2981 1401 3021 reete

331 3044 555 3121 p.183,1r,uude
566 3045 671 3098 Ariston
679 3064 723 3099 sue
732 3044 842 3097 bansisse
890 3045 973 3099 babet.
985 3046 1124 3100 Perbibere
1139 3058 1224 3099 tamen
1239 3045 1317 3097 habet
1337 3044 1401 3095 Era·

334 3123 415 3177 rideri
427 3113 512 3195 potem
526 3122 639 3174 llluretus
649 3134 674 3173 et
681 3123 778 3197 Lipsius
792 3121 844 3174 lau·
891 3143 959 3176 smus
971 3135 994 3174 et
1003 3123 1077 3175 codd.
1092 3122 1167 3175 Grnt¹
1180 3122 1325 3176 Proteum
1335 3137 1402 3195 pm-

335 3203 397 3256 dsut
404 3198 631 3255 simillimumrlttii
638 3199 731 3252 dietum
741 3198 844 3272 sprlul.
891 3214 938 3254 stat
950 3201 1027 3270 editio
1040 3214 1118 3255 vetus.
1128 3204 1221 3253 Noster
1231 3200 1313 3271 Epist.
1324 3210 1402 3261 terr,

335 3279 403 3333 Gell.
411 3280 487 3331 Noct.
501 3278 552 3331 Ast,
561 3278 630 3341 xtt,
647 3298 686 3329 ιι.
697 3278 786 3329 Ruit.
892 3281 916 3344 4.
928 3280 989 3331 tter
999 3298 1076 3348 quum
1087 3277 1200 3350 persuasi
1210 3276 1277 3329 milri
1289 3288 1316 3329 et
1323 3276 1403 3345 peres

370 3356 438 3411 s.In
444 3356 514 3407 doliu
519 3357 625 3423 placule.
633 3355 671 3407 Ex
679 3374 748 3409 more
755 3354 843 3420 veteri,
892 3356 927 3409 bi.
942 3356 1066 3409 Similiter
1086 3357 1175 3408 Horat.
1190 3356 1202 3407 l
1215 3355 1280 3428 Epp.
1296 3370 1340 3419 11,
1355 3354 1402 3419 57,

337 3435 485 3509 quirinum
506 3432 635 3485 novellum
653 3432 729 3485 doliis
746 3432 845 3485 tonde·
893 3456 907 3483 ι
920 3436 997 3489 Nunc
1012 3437 1107 3489 adosse
1123 3454 1186 3509 puro
1206 3436 1313 3488 Pectore
1330 3433 1405 3485 verba

336 3516 414 3577 bant;
428 3512 472 3565 sed
485 3532 542 3564 mox
552 3509 595 3563 ubi
607 3510 710 3583 paulum
725 3510 844 3563 delaecss·
893 3532 989 3586 puer.»
1002 3507 1093 3564 Ruit.

337 3605 388 3657 set,
400 3589 573 3644 delundebent
582 3588 609 3640 in
623 3588 757 3663 amphoras
770 3601 795 3639 et
804 3607 846 3641 ea·
925 3590 949 3643 6.
961 3590 1022 3643 Non
1029 3594 1080 3643 itta
1088 3610 1108 3642 e.
1118 3610 1140 3642 e.
1149 3600 1282 3663 poemata,
1296 3590 1347 3641 sed
1352 3588 1407 3640 lroec

339 3668 393 3724 dos.
405 3666 525 3721 Proculus
540 3665 739 3719 Iurisconsultus
750 3667 769 3719 l.
787 3668 845 3721 XV.
893 3688 928 3721 se.
947 3667 1136 3743 philosophica,
1153 3687 1210 3739 quse
1225 3667 1280 3720 sols
1295 3687 1356 3719 vere
1369 3666 1407 3717 ti-

337 3746 424 3801 Tritir.
436 3746 496 3798 vino
509 3757 533 3797 et
545 3743 579 3796 ol.
591 3743 647 3816 lege
659 3743 695 3797 In
704 3746 845 3797 doliuoin'a
893 3745 976 3798 berele
992 3746 1104 3800 studium
1122 3759 1196 3799 voest
1211 3746 1309 3799 Noster
1326 3744 1406 3814 Epist.

338 3824 619 3889 earnenteconjicimns‚
628 3830 699 3873 ntea·
706 3822 746 3874 bis
753 3831 845 3890 postea
893 3838 1032 3890 mxvut,
1048 3846 1058 3878 ι
1072 3844 1126 3895 sqq.
1140 3823 1230 3877 Roas.

339 3904 368 3953 in
378 3900 521 3971 amphoras
533 3901 648 3951 escedas
662 3898 846 3971 defendamus.
927 3902 1076 3970 planitiei,
1087 3902 1104 3953 i.
1111 3921 1133 3955 e.
1143 3902 1171 3953 in
1182 3899 1336 3954 rudimentis
1347 3918 1408 3952 esse.

340 3980 371 4033 ld
381 3978 511 4031 novellum
524 3989 549 4029 et
560 3976 689 4030 turbidum
703 3978 846 4051 elegantio-
928 3981 952 4033 8.
966 3982 1098 4035 Ridicula.
1109 3982 1266 4035 Ridimlosa
1275 3999 1326 4033 ms.
1343 3979 1368 4033 b.
1380 3979 1408 4034 S.

340 4076 379 4111 res
390 4056 522 4131 fugiebant
529 4054 623 4108 bibere.
634 4054 750 4123 lipsius.
929 4078 954 4127 9.
961 4059 1127 4111 Parendum
1134 4057 1177 4113 Sic
1185 4059 1306 4111 Erasmus
1313 4068 1339 4109 et
1344 4056 1408 4109 Gru·

374 4135 543 4188 blnirnirum
549 4134 717 4202 processibus,
725 4153 758 4186 se.
766 4134 798 4187 ed
807 4153 848 4207 po·
897 4135 943 4188 teri
954 4134 1028 4188 rodtl.
1041 4135 1095 4188 Alii
1105 4135 1171 4189 mels
1178 4136 1339 4206 parendum
1351 4132 1392 4185 R,
